2576 4464
303 218 374 312 408
469 211 751 310 Joannrs
798 213 1073 296 srunrrrr

276 338 411 410 babeat,
428 338 525 396 tamen
548 351 613 411 quaa
636 335 692 393 tibi
714 353 784 394 cum
807 335 860 396 ilio
876 331 1008 410 suscepta
1016 329 1256 410 'esicontrotufic

300 436 361 473 eam
386 415 417 473 in
440 433 492 472 nos
516 410 639 472 derivari
663 413 810 473 nolumus.
851 411 995 474 Necsrin
1007 411 1255 482 usuconreaim,

287 489 411 552 'idcirco
432 511 501 550 eum
522 508 639 568 quoque
652 489 712 568 pari
726 491 837 550 ratione
849 491 1082 564 comprobamus
1110 488 1251 552 'Etfianin

302 589 364 629 non
378 569 417 628 ita
430 567 529 628 sumus
541 565 654 640 afferri,
674 584 708 628 ut
719 588 736 626 a
749 569 856 644 quibus
867 567 1008 644 opinione
1020 565 1210 638 dissentimus,
1226 561 1253 624 ab

302 645 341 706 iis
353 649 504 706 voluntate
514 643 717 722 disjungamur
729 671 736 705 :
754 663 849 705 tamen
860 643 1043 704 officioboni
1055 647 1110 706 viri
1122 645 1203 724 fungi
1213 663 1253 702 vo·
1282 645 1284 714 ξ

303 728 412 784 sumus.
426 725 578 802 opiniones
591 719 692 782 nostrae
707 722 740 780 ad
756 724 908 796 veritatem
917 721 985 782 sunt
996 721 1172 782 revocanda.
1184 736 1253 798 quan
1282 721 1284 776 ἓ

300 802 613 880 prudenterevertere,
637 801 665 860 st
687 801 838 862 falsitatem
861 798 987 860 stabilire
1009 801 1095 872 velie,
1115 799 1171 860 five
1189 799 1251 860 ider
1282 797 1284 822 ”

299 881 410 950 animo,
428 879 481 938 srve
497 881 592 956 gratiae
607 876 696 944 caussa
709 877 769 950 srat,
788 880 875 954 longe
888 879 922 937 ab
931 878 1065 954 ingenuo
1078 877 1194 938 homine
1202 877 1253 936 alia·

228 995 230 1002 ‹
300 955 548 1017 numessedebet.
579 955 943 1030 Quare,ut&saciliortibi
956 955 1151 1018 fitnobiscurn
1168 953 1252 1034 agendi
1282 981 1284 1030 ᾗ

299 1038 382 1102 mrio,
404 1035 561 1094 &certius
574 1033 610 1091 de
625 1032 718 1092 nostra
731 1034 872 1094 sententia
888 1034 1050 1106 iudicium:
1071 1053 1133 1096 non
1146 1036 1252 1094 alienun
1280 1039 1284 1112 ,Ι

300 1113 353 1174 eise
367 1113 533 1182 viderunin
545 1111 681 1170 universo
694 1127 795 1190 genere
809 1111 992 1187 perscribere,
1003 1111 1076 1190 quid
1089 1133 1143 1174 nos
1152 1112 1186 1171 de
1196 1110 1253 1172 ren
1282 1135 1284 1172 r

301 1197 386 1247 Graec‘e
397 1189 610 1268 pronunciandi
625 1192 735 1249 ratione
748 1189 912 1249 sentiamus.
950 1189 1044 1264 Quod
1051 1193 1172 1250 ¹mallem
1183 1187 1253 1248 rue
1271 1179 1284 1250 ‘i

299 1269 383 1328 mino
407 1273 502 1342 rricydo
524 1266 689 1343 susceptum
712 1264 776 1325 esse.
805 1267 877 1343 qui,
898 1274 961 1344 qus.
987 1269 1136 1338 absumus,
1157 1266 1251 1338 rebius,
1279 1255 1284 1346 i

302 1347 438 1424 apertius,
453 1347 480 1406 8<
494 1345 653 1422 elegantius
667 1345 807 1422 eirpiicare
821 1341 918 1423 posset.
939 1345 993 1403 Sed
1007 1346 1075 1419 quia
1089 1345 1121 1405 id
1134 1345 1182 1405 isse
1193 1361 1252 1404 onus
1282 1359 1284 1412 ς

300 1425 373 1482 mihi
389 1423 545 1501 imposuit,
565 1424 649 1498 cujus
662 1441 716 1482 nec
730 1424 908 1482 voluntatem
921 1425 1084 1500 negligere,
1106 1443 1160 1483 nec
1172 1423 1252 1482 ausso-

298 1503 412 1561 ritatem
429 1501 568 1576 aspernari
582 1501 671 1559 licet:
691 1517 770 1574 peto
785 1517 849 1571 ate,
876 1517 910 1560 ut
923 1497 995 1558 hanc
1010 1501 1216 1579 imprudentiae,
1232 1499 1253 1560 st
1282 1509 1284 1552 i

297 1580 468 1640 temeritatis
480 1579 595 1656 cuipam
610 1574 655 1637 illi
667 1579 775 1656 potius,
794 1597 880 1652 quam
894 1577 966 1636 mihi
979 1578 1166 1640 tribuendam
1177 1595 1253 1653 putes.

299 1657 375 1716 Cum
400 1657 492 1731 igitur
514 1655 742 1727 consideramus,
762 1675 815 1716 nos
837 1675 889 1714 nec
918 1659 949 1714 in
970 1657 1143 1730 rocas-ibus,
1164 1656 1254 1717 necin

298 1733 498 1812 diphthongis,
517 1751 570 1791 nec
586 1735 615 1791 in
630 1733 854 1793 consonantibus
867 1733 970 1802 etiam,
988 1751 1052 1809 quae
1065 1736 1254 1812 cognationem

296 1814 374 1872 inter
397 1812 423 1868 se
445 1808 587 1887 quandam
610 1809 723 1884 habent,
742 1811 832 1870 uisam
851 1811 912 1870 fere
928 1809 1064 1885 adhibere
1077 1813 1110 1871 in
1124 1808 1253 1872 effenndo

294 1889 358 1949 soni
382 1885 616 1960 distinsiionem:
640 1887 728 1948 facile
750 1886 851 1948 damus
873 1887 1063 1964 depravatam,
1097 1886 1255 1951 &vitiosam

295 1965 351 2028 esse
363 1959 439 2042 ap'nd
454 1985 505 2024 nos
518 1965 991 2041 pronunciandi‘consuetudinem
1034 1968 1116 2028 Nam
1138 1967 1206 2046 quid
1218 1967 1255 2026 ilia

296 2045 417 2104 varietas
428 2045 503 2101 inter
516 2060 533 2109 ι,
547 2061 561 2098 a
583 2060 604 2112 a,
621 2059 649 2112 a,
665 2060 693 2114 u,
709 2044 819 2102 srnussa
833 2043 894 2103 soni
908 2043 986 2104 sitin
998 2043 1035 2102 iis
1050 2041 1256 2108 dissimilitudo?

290 2119 371 2197 Jam,
390 2121 443 2197 qui
467 2121 621 2180 commode
648 2123 677 2176 in
701 2122 828 2175 Tio-arrisi
849 2120 984 2194 versibus,
1003 2121 1140 2199 quod&
1158 2125 1257 2197 sscysrr

296 2200 369 2276 scope
384 2218 436 2256 nos
447 2196 606 2270 admonuit,
619 2191 886 2270 Μαῦτηβιτπυρὸς
897 2201 1020 2278 exprimi
1030 2197 1152 2276 possint,
1171 2199 1255 2260 nisi*

297 2277 326 2338 ἃ
351 2291 384 2347 w,
410 2296 470 2334 non
492 2273 528 2349 ‘s'
544 2276 573 2334 bc
596 2275 628 2349 cr,
648 2277 704 2348 sed,
725 2291 759 2334 nt
771 2277 873 2335 Latine
886 2276 1166 2346 Taurus,&Eurus
1187 2276 1254 2338 sona

235 2421 237 2426 ,
296 2356 417 2430 remus>
437 2353 536 2428 Quare
551 2351 579 2412 δι
594 2349 728 2426 Erasmum
738 2353 813 2412 resse
827 2355 857 2412 in
869 2354 968 2414 libello
981 2352 1017 2413 de
1028 2355 1257 2432 pronunciatione
1282 2361 1283 2372 ³

297 2427 433 2510 judicasse
446 2430 602 2502 censemus,
616 2429 643 2490 ἃ
657 2451 760 2490 eorum
775 2428 939 2492 institutum
952 2433 1118 2510 probamus,
1140 2436 1190 2512 qui
1203 2450 1255 2490 mo·
1282 2455 1283 2460 ¹

294 2531 355 2570 rem
381 2527 553 2586 corruptum
578 2509 688 2567 ratione
717 2529 785 2586 pura
811 2507 963 2568 emendare
989 2527 1143 2571 conantur.
1181 2505 1254 2584 Quis
1282 2521 1284 2584 ζ

296 2590 390 2666 igitur
412 2585 461 2658 est,
481 2586 568 2656 dices,
587 2583 666 2662 quod
689 2606 750 2645 non
771 2605 873 2649 eorum
895 2605 1051 2648 numerum
1075 2590 1198 2666 augetis
1215 2584 1256 2663 qui

297 2669 330 2728 in
347 2663 376 2724 id
391 2664 576 2734 incumbunt,
589 2680 622 2721 ut
634 2662 814 2738 depravatam
827 2666 1104 2739 pronunciationem
1119 2665 1256 2728 restituant

297 2745 325 2804 δε
341 2742 508 2817 corrigant?
539 2741 680 2810 Primum,
700 2743 769 2816 quia
783 2742 858 2813 apud
873 2762 926 2802 nos
941 2744 972 2802 in
985 2750 1141 2818 Germania,
1163 2749 1193 2805 in
1203 2761 1257 2802 om·

294 2825 326 2880 ni
342 2839 445 2896 genere
458 2821 604 2877 literarum
617 2819 763 2896 principes
776 2840 837 2877 non
849 2820 1043 2880 immutarunt
1056 2866 1063 2893 ,
1080 2821 1130 2881 sed
1145 2825 1176 2882 in
1187 2837 1258 2881 conr·

295 2897 380 2957 muni
407 2895 575 2970 vulgarique
598 2895 652 2954 usu
666 2914 842 2972 permanent.
874 2895 988 2969 deinde,
1009 2898 1089 2973 quod
1104 2899 1256 2978 periculum
1282 2915 1284 2924 ³

296 2971 355 3044 est,
366 2989 409 3046 ut,
429 2994 477 3043 ne,
494 2971 560 3030 stad
575 2972 679 3030 tesiam
694 2973 836 3032 rationem
849 2973 969 3051 aspirare
983 2977 1126 3048 velimus;
1144 2979 1185 3039 .in
1198 2993 1256 3036 con·
1282 3013 1284 3028 ›

292 3054 412 3113 trariam-
424 3069 531 3138 partem
545 3049 588 3108 his
600 3050 722 3109 turbatis
734 3050 837 3110 seculis
842 3070 1001 3186 peccemus
1007 3080 1015 3125 ;
1025 3054 1183 3130 praesertim
1195 3069 1255 3116 cum
1282 3087 1283 3092 κ

293 3150 353 3189 non
368 3149 500 3188 omnium
512 3143 587 3186 certa
599 3127 682 3186 nobis
694 3128 768 3187 ratio
782 3149 839 3187 con
865 3147 902 3189 et.
941 3131 1018 3188 Nam
1032 3132 1167 3192 nondum
1179 3130 1255 3190 nobis
1282 3119 1284 3214 f

291 3208 478 3282 exploratum
490 3202 547 3263 est:
572 3203 721 3282 quomodo
736 3223 844 3265 veteres
857 3225 885 3278 e,
906 3207 933 3266 δι’
948 3225 969 3258 u
982 3206 1190 3285 diphthongos,
1208 3207 1256 3266 s&
1282 3279 1283 3282 Ἴ

294 3293 315 3354 φ
337 3282 525 3342 consonantes
550 3284 777 3360 pronunciarint.
817 3284 872 3342 Hae
894 3285 1035 3360 quoniam
1052 3287 1255 3347 omnibussere

294 3360 426 3420 aetatibus
440 3359 563 3418 diversas
576 3361 738 3435 opiniones,
765 3361 855 3420 varias
868 3363 1079 3434 contentiones,
1100 3365 1257 3426 mustoser·
1282 3391 1284 3446 f

295 3458 392 3507 rores,
409 3435 443 3493 de
459 3455 590 3511 germana
602 3437 743 3514 cuiusque
755 3439 863 3513 linguae
877 3443 1118 3511 pronunciatione
1128 3439 1211 3502 fuisse
1220 3458 1256 3500 re·

296 3517 386 3593 perio,
398 3530 432 3571 ut
442 3516 641 3572 muitumvitii
656 3513 876 3575 innostrornore
889 3514 942 3573 esse
953 3517 1038 3588 sartor
1049 3519 1096 3580 ,ira
1109 3519 1182 3578 baud
1195 3517 1256 3587 scio,

291 3616 327 3652 an
343 3613 411 3650 cum
423 3607 554 3648 veterum
568 3593 687 3660 ratione,
709 3594 798 3651 nimis
811 3592 953 3668 expressus
967 3596 1014 3654 iiie
1039 3587 1193 3665 irdvsr'asus
1205 3615 1256 3654 tm·

292 3671 393 3732 barum
404 3667 550 3730 vocalium
560 3669 621 3731 vim
637 3668 717 3729 suam
727 3671 917 3732 retinentium
933 3671 1020 3734 sonus
1032 3693 1182 3752 congruat.
1202 3673 1256 3735 Nc·

1209 3766 1260 3828 que
