2606 4454
219 283 526 370 Ertsronn
565 283 905 370 Sanncrn..
942 313 1031 399 177

12 447 121 534 lum
136 475 182 536 ac
194 446 385 536 secretum
402 447 599 559 abreptus.
671 447 754 531 Cui
770 447 955 542 militia,
988 475 1036 540 ut

42 586 189 694 jocatur
211 583 437 698 Apuleius,
481 585 569 668 suus
587 581 750 696 quoq'ue
766 583 1033 698 indulgeudus

9 813 14 830 ,
42 747 310 836 commeatus..
360 722 432 808 Ne
448 750 528 837 ego
546 721 668 836 igitur
687 721 802 807 miser
819 725 1032 836 quicquam

40 859 164 948 solido
187 857 239 946 de
260 861 359 979 die,
406 857 700 971 Charitumque
727 859 802 944 illo
820 865 1032 974 complexu

8 1077 9 1080 a
40 995 138 1082 mihi
154 996 337 1112 usurpare
357 996 501 1081 velim:
537 1024 657 1108 quem
671 1025 754 1116 uno
772 995 921 1080 tinnitu
932 1002 1031 1086 boni

7 1139 8 1144 ‘
40 1133 185 1227 versus,
218 1137 401 1246 quamtis
418 1133 538 1218 liinio
556 1136 654 1220 mari
671 1131 953 1228 turbidiorem,
987 1138 1032 1226 in

41 1270 292 1384 tranquillum
329 1269 446 1356 facile
482 1269 677 1355 collocare
706 1292 832 1382 potes.
903 1273 1030 1385 Qod

42 1403 145 1498 brevi
169 1433 344 1520 quoquc·
360 1407 553 1493 saetarum
580 1431 620 1493 te
647 1408 762 1536 sperq
793 1457 806 1500 ,
865 1412 1028 1520 quando

5 1537 6 1574 ⁷
39 1543 235 1631 Libellum
252 1545 518 1639 Oratorium,
561 1572 681 1656 quern
701 1546 846 1658 pluteis
872 1550 949 1634 tuis
961 1577 1028 1635 ve-

3 1747 6 1766 .
38 1679 204 1770 necunde
224 1682 401 1794 adscribo
422 1733 436 1778 ‚
478 1711 551 1796 per
565 1683 714 1797 pingue
731 1684 811 1768 hoc
828 1685 958 1769 otium
975 1686 1030 1769 le·
1154 1744 1157 1752 ,

2 1875 22 1909 -,,
38 1823 152 1936 geris.
187 1885 190 1892 .
221 1818 271 1906 In
298 1849 405 1934 quo,
441 1819 470 1902 sr
508 1849 593 1906 non
618 1818 760 1905 laevum
786 1820 885 1906 mihi
904 1825 1027 1932 planti

1 1941 249 2100 ''judicium3
285 1959 420 2072 magni
441 1959 652 2043 Ciceronis
678 1959 905 2070 praclarum
925 1933 1028 2043 Vin-

1 2111 2 2200 Τ
36 2093 185 2188 dicem,
217 2092 519 2207 erudiendaeque
530 2093 738 2208 Juventuti
756 2093 872 2207 plena
880 2094 1029 2207 ubique

1 2223 2 2294 ἓ
35 2229 199 2346 vestigia
217 2233 689 2345 praeceptaqueinvenies.
725 2231 927 2343 Siquidem
939 2263 1028 2319 ncr-

34 2394 107 2453 vos
126 2367 185 2450 sui
202 2369 377 2487 ingenii,
411 2395 653 2479 omnemque
670 2368 865 2454 industriae
884 2371 964 2453 vim
983 2369 1025 2453 in

1 2517 6 2524 '
35 2504 113 2592 hoc
134 2531 259 2590 unum
275 2506 428 2590 Audior
443 2505 650 2594 intendit,
693 2529 738 2590 ut
765 2505 911 2618 Rernp.
939 2506 1025 2590 Fri·
1045 2511 1070 2567 ἴ

38 2641 183 2728 storum
212 2645 424 2754 &pubem
454 2644 527 2727 srbi
554 2642 817 2727 concreditam
838 2645 938 2726 bene
968 2642 1028 2726 di-

38 2777 151 2863 cendi
161 2778 428 2863 instrumentis
445 2780 672 2892 perpoliret.
740 2779 1027 2888 QaecuraDi·
1154 2837 1159 2848 .

37 2945 87 3001 vo
105 2915 271 2999 Parenti
287 2914 368 3001 visa
391 2913 448 2998 est
464 2917 613 3028 semper
633 2917 810 3027 optima,
846 2924 886 2999 &
905 2917 1031 3027 inpri-

2 3034 112 3152 ‘rnis
137 3051 265 3138 libero
293 3053 452 3139 homini
483 3055 652 3138 maxime
679 3053 895 3136 necessaria.
964 3051 1029 3132 De

35 3219 119 3304 quo
137 3209 270 3274 tamen
287 3191 331 3273 in
343 3190 632 3302 ,Eloquentiam
652 3187 878 3273 consilio&
896 3213 1031 3272 amore

29 3325 180 3415 nostrae
206 3329 405 3434 juventuti
437 3331 557 3438 quarn
586 3325 794 3410 difficulter
828 3323 1031 3436 persuade-

27 3465 144 3552 mue!
185 3489 273 3574 quae
288 3462 683 3576 nimidpenddodta‚
712 3459 872 3572 quando
882 3461 1032 3544 nudum

26 3601 293 3713 Eloquentiae
306 3626 454 3686 nomen
470 3602 534 3687 vel
551 3630 623 3715 per
643 3597 889 3686 transennam
906 3602 929 3681 ἐ
947 3598 1034 3678 lon·

623 3737 672 3818 M
880 3737 1035 3848 ginquo
