2646 4448
93 287 323 395 mnndO,
360 313 521 404 quarum
550 312 631 398 ope
660 313 752 373 vera
778 292 924 394 Graeci,
953 286 1018 374 ubi
1048 313 1118 379 aut

1 406 3 416 ’
94 399 250 514 luxatas
271 420 340 487 aut
356 419 556 514 corruptus
574 395 736 511 jacebat,
766 400 892 487 textlts
909 403 1116 490 ledioerui

96 515 141 599 br
166 514 308 601 restitui
331 514 467 628 potest,
493 514 675 624 exceptis,
691 516 733 599 δι
749 515 839 599 cum
854 515 944 598 curi
958 513 1118 626 seligen·
1208 560 1217 578 ν

1 639 5 658 ’
97 625 160 712 dis
178 657 190 709 r
214 629 394 740 exernplo
410 627 497 711 Viri
517 621 813 737 praeliautiffimi,
841 625 936 710 &in
954 626 1059 712 hisce
1072 627 1121 714 li·

0 773 1 776 ¹
94 739 190 823 teris
206 739 415 824 trastandis
439 737 591 822 summo
609 761 699 822 curn
717 737 860 849 judicio
884 738 1118 826 exercitatis·

97 848 195 952 fimi,
212 851 370 936 Henrici
380 848 531 952 Valesri,
541 847 648 962 quod
665 850 894 936 imitandum
912 849 1121 963 proposuit

99 960 337 1049 versionibus
375 959 511 1046 Rufini
551 962 794 1074 Aquileiensis
833 967 875 1048 8<
904 963 1122 1075 Epiphanii

100 1074 322 1160 Scholastici
346 1072 608 1186 saepenumero
623 1069 675 1158 ab
690 1075 761 1159 illo
778 1074 974 1176 consultis,
1006 1077 1121 1188 inque

101 1207 251 1273 novum
268 1211 440 1289 examen,
467 1184 537 1270 ubi
561 1211 662 1296 opus
684 1205 782 1286 erat,
803 1188 999 1271 revocatis.
1059 1189 1123 1273 Li=

1 1320 3 1371 τ
101 1295 221 1384 brarii
239 1320 380 1400 autent,
411 1299 479 1382 alii
494 1325 544 1383 ex
566 1301 649 1382 aliia
670 1297 968 1398 transcribentes,
1004 1325 1121 1387 voces
1177 1383 1179 1388 ,

1 1449 2 1456 ¹
101 1409 200 1523 saepe
224 1431 292 1498 aut
322 1413 516 1496 mtttlrunt
538 1431 604 1496 aut
623 1409 867 1515 addiderunt,
898 1427 1017 1522 prout
1033 1407 1123 1524 ipfis

1 1547 3 1599 ;
101 1519 297 1608 lubebat:
333 1523 435 1608 unde
465 1549 539 1634 pro
568 1548 735 1606 numero
760 1525 1058 1634 exemplarium,
1094 1520 1122 1605 li

103 1639 214 1747 plura
226 1630 501 1747 suppetiissent,
527 1635 692 1719 feracior
710 1634 898 1746 ejusmodi
918 1636 1125 1720 lectionum

1 1779 3 1784 ’
105 1747 223 1942 sepes,
251 1775 333 1832 non
356 1737 571 1858 cujuspiam
603 1745 715 1831 bonae
757 1748 905 1858 frugis,
941 1751 980 1829 &
1009 1747 1125 1855 plane

1 1891 3 1938 ι
105 1885 144 1942 re
163 1860 342 1959 ecandae,
387 1861 579 1942 continuo
614 1858 850 1943 excresceret,
923 1861 1043 1963 Quod
1077 1858 1127 1943 de

104 1971 397 2082 quamplurimis
408 1996 564 2084 quoque
590 1972 730 2055 Graecis
756 1968 995 2069 lesiionibus,
1031 1998 1128 2083 qua·

106 2104 192 2167 rum
210 2105 340 2168 tamen
361 2081 511 2168 diversa
529 2087 630 2165 ratio
647 2080 842 2165 laboriosa
860 2085 1129 2192 exploratione

104 2197 241 2280 melius
264 2195 478 2309 indigeret,
515 2196 657 2304 pariter
678 2194 884 2278 dicendum
913 2193 997 2278 esi:
1034 2191 1129 2306 saepe

1 2347 2 2388 ;
104 2309 212 2392 enim
233 2331 385 2419 pompae
400 2305 503 2418 quast
523 2303 632 2389 cauta
658 2309 699 2386 8<
717 2307 767 2389 ad
784 2305 1053 2389 ostentandam
1068 2310 1130 2391 di·

105 2417 308 2530 ligentiam
325 2417 376 2504 ab
395 2417 615 2503 Editoribus
633 2420 853 2500 recentioris
866 2411 936 2499 aeti
953 2445 1130 2503 accumu-

1 2566 3 2616 τ
106 2535 179 2615 lari
202 2521 338 2615 solent.
393 2531 565 2614 Maxime
592 2525 681 2612 verb
704 2528 897 2638 displicuit
922 2526 1130 2614 Commen-

1 2722 2 2728 Ν
106 2645 293 2727 tariotum
313 2636 526 2754 prolixitas,
553 2638 750 2752 inquibus
772 2646 925 2751 integrae
948 2640 1131 2727 Disserta-

1 2797 2 2840 ;
109 2758 245 2856 tiones,
272 2755 322 2838 ad
339 2757 478 2837 calcem
498 2754 626 2866 operis
644 2755 794 2836 meliori
814 2759 893 2861 jure
905 2755 1129 2862 rejiciendae,

108 2885 178 2951 aut
204 2865 300 2978 justo
325 2869 528 2950 volumine
556 2861 888 2965 seorfimedendae,
925 2888 1028 2946 extra
1050 2893 1133 2949 om·

87 2989 214 3082 nem,
244 3000 287 3060 ut
307 2979 349 3061 hi
376 2977 562 3088 putabant
579 2974 775 3074 Censores,
803 2971 1056 3060 necessitatem
1073 2982 1132 3062 itt·

110 3085 298 3175 seruntur.
358 3093 458 3174 Hinc
476 3093 575 3172 inter
606 3090 877 3172 Curatores&
907 3094 955 3169 l).
981 3094 1134 3174 Bernar-

112 3203 206 3286 dum
223 3198 349 3313 primb
366 3223 456 3286 ortae
482 3199 697 3298 simultates,
733 3201 875 3283 deinde
900 3223 1032 3284 tnurua
1058 3201 1135 3284 dis·

114 3315 308 3427 plicentia,
335 3320 376 3398 ὃ(
401 3334 539 3424 apertae
564 3314 661 3413 lites,
685 3311 862 3423 utrilipue,
891 3338 962 3422 pro
976 3313 1133 3412 diversa,

115 3453 231 3540 quatu
262 3423 378 3510 secuti
405 3424 512 3529 sunt,
543 3421 749 3523 sententia,
775 3427 1009 3534 argumentis
1037 3424 1135 3508 ultrb

117 3542 294 3651 citroque
349 3539 504 3648 agitatis
561 3532 792 3620 tenacissime
849 3533 1134 3620 inhaerentibus.

114 3657 202 3736 Hoc
227 3647 311 3733 uliit
339 3652 511 3733 animum
532 3647 726 3752 Bemardi,
753 3646 946 3760 aegerrime
967 3647 1134 3745 serentis,

114 3765 233 3848 aliam
252 3761 494 3862 methodum,
521 3781 655 3845 contra
684 3786 801 3868 quarn
836 3759 916 3869 ipse
942 3757 1133 3858 statuisset,

117 3873 186 3959 fibi
214 3871 332 3980 juberi
349 3873 566 3958 ineundam.
622 3873 774 3955 Cessant
789 3899 912 3984 operae
931 3873 1137 3982 Typogra-

671 3987 705 4066 C
738 4005 758 4062 a
1007 3988 1142 4092 plaiae.
