2646 4448
10 120 32 218 q
237 98 310 211 o.
332 94 385 192 a.
411 87 824 199 nunnanor
860 83 1054 195 nrm.
1087 124 1156 233 at

9 292 29 373 ηρ
137 253 351 364 obstaculis,
377 248 456 358 (uti
479 251 623 362 postea,
651 252 811 364 quando
834 250 971 354 iterum
997 283 1161 346 renova·

22 431 29 485 ἶ
140 368 266 479 retur)
290 370 331 452 in
349 389 461 454 auras
471 361 653 464 abeunte,
669 359 858 452 mercibus
873 365 1047 458 litorariis
1061 397 1163 470 onu.

8 518 19 576 ρ
134 476 230 582 ὼε,
257 507 339 566 non
359 477 548 562 mediocri
576 477 811 580 amicorum,
850 480 918 589 qui
943 479 1162 572 diuturnio-

7 659 13 718 ἱ
138 612 222 680 tem
246 589 460 678 absentiam
488 589 587 702 agre
605 587 763 692 ferrent,
793 592 941 702 gaudio
959 597 1162 686 Oxonitmr

139 701 395 792 reversuseib

10 863 12 874 ⁴
137 905 141 910 .
195 819 295 905 Non
312 810 556 904 dissimulabo
573 812 685 898 illum
708 815 787 924 jam
804 813 994 918 reducem,
1029 823 1164 916 animo

6 1007 8 1020 .
140 923 192 1014 ab
208 927 457 1020 hiscestudiis
470 925 758 1028 Astronomicis,
773 923 1165 1044 dequibustanquam

5 1041 8 1116 ἰ
142 1042 292 1154 jejunis,
320 1037 443 1126 aridis
463 1065 522 1142 ue,
548 1043 691 1152 &qua
710 1040 933 1151 neutiquam
956 1040 1077 1128 uitam
1097 1068 1168 1140 aut

144 1157 344 1242 meliorem
358 1172 425 1238 ant
491 1149 654 1236 atiorem
667 1150 840 1254 seceriot,
866 1152 976 1262 apud
990 1177 1053 1240 me
1070 1156 1168 1269 saepb

14 1322 23 1401 q.
140 1265 293 1379 questus
314 1265 380 1366 est,
409 1266 523 1374 plane
541 1262 699 1368 avers0,
726 1264 840 1352 annis
865 1291 918 1376 qu
973 1290 1020 1350 ue
1038 1269 1168 1382 ingra-

4 1347 23 1473 Ι,
143 1375 387 1465 vescentibus
401 1373 585 1464 &afflicta
603 1372 827 1462 valetudine
841 1379 945 1460 colln
981 1399 1126 1486 antem,
1139 1411 1169 1472 a

2 1484 23 1560 :'
144 1512 303 1576 munere
321 1489 415 1590 isto,
451 1484 656 1600 propositis
673 1489 788 1600 aequis
809 1489 1055 1602 honestisque
1072 1520 1167 1580 con·

2 1667 20 1711 4,
146 1600 378 1705 ditionibus,
411 1603 453 1686 in
483 1601 649 1711 gratiam
671 1620 740 1684 aut
772 1604 822 1686 D.
859 1601 1074 1688 Flamstedii
1100 1630 1170 1693 aut

1 1783 19 1833 ,
147 1719 200 1804 D.
220 1715 364 1805 Hallaei.
396 1716 463 1823 qui
486 1707 676 1798 sideralem
695 1713 796 1798 hanc
813 1709 1011 1798 stientiam
1025 1715 1169 1808 summi

1 1829 20 1934 ‘'ss
145 1854 236 1918 cum
255 1824 438 1911 industrii
468 1821 770 1910 &admirando
803 1825 960 1937 quidem
991 1824 1167 1934 successu,

15 1953 19 1964 '
145 1938 403 2051 applaudente
416 1934 512 2020 orbe
523 1941 721 2046 Europaeo,
747 1939 1006 2040 excoluerant,
1032 1945 1168 2054 &pari

11 2145 17 2157 ,
148 2051 255 2162 apud
281 2071 430 2134 exteros
466 2075 512 2132 ac
539 2047 723 2133 noslrates
758 2049 856 2132 fami
887 2050 1018 2134 adhuc
1055 2081 1170 2140 exco-

0 2160 17 2192 *
147 2166 247 2266 lunt,
276 2163 408 2246 cedere
427 2154 592 2243 voluisse.
648 2161 719 2243 Sed
734 2187 822 2244 cum
842 2160 882 2244 id
905 2162 1168 2254 difficillimum

0 2271 13 2302 ¹
147 2269 272 2376 esset,
313 2278 352 2358 8<
384 2272 517 2358 frustra
546 2269 861 2382 exspediandnm,
900 2271 1033 2358 saxum
1071 2280 1170 2364 istud

0 2403 1 2412 ‘
147 2384 297 2470 versare
319 2386 512 2495 oportuit,
537 2383 674 2483 donec,
697 2382 917 2468 faventibus
935 2388 1112 2472 Patronis
1130 2398 1171 2478 δι

11 2523 15 2536 ’
148 2502 309 2598 Amicis,
340 2501 388 2581 de
415 2497 602 2605 opimioti
615 2496 771 2578 fortuni
798 2494 865 2604 ipfi
899 2497 1015 2595 suerit
1040 2506 1172 2608 provi·

1 2634 14 2708 ,'
149 2610 344 2693 dandum:
374 2609 479 2717 quod
506 2606 655 2690 nonnisi
675 2607 760 2715 post
775 2609 996 2692 ottennium
1015 2615 1171 2696 contin·

1 2715 12 2741 “’
148 2720 289 2834 gebat:
326 2746 366 2804 nt
391 2748 484 2805 mox
504 2717 698 2803 narrabo:
729 2723 860 2826 paucis
881 2720 930 2803 de
950 2722 1173 2827 Dodlotatn,

7 2850 15 2879 ⁶
151 2862 230 2945 quo
251 2830 531 2945 infignitusest‚
562 2832 773 2940 interjectis.
829 2837 966 2943 Neque
988 2836 1101 2936 enim,
1129 2861 1173 2922 ut

6 2986 10 2994 ¹
150 2949 277 3059 largos
295 2949 590 3028 commentarios
607 2969 809 3052 rerumque
820 2943 1006 3053 gestatum
1031 2942 1174 3058 (quod

1 3051 13 3084 ⁵
151 3057 363 3168 cujuspiam
395 3058 536 3165 privati
573 3058 755 3152 lrominiS,
795 3058 937 3138 nedum
974 3057 1173 3145 umbratici

152 3171 348 3269 Dodloris,
379 3171 445 3278 qui
473 3172 514 3251 in
545 3166 673 3248 museo
693 3166 859 3268 abditus,
886 3167 1065 3279 librisque
1086 3171 1175 3258 solis

1 3279 10 3302 '
152 3285 333 3382 intentus,
361 3283 483 3364 viram
502 3284 580 3391 egit
608 3276 863 3389 placidissime,
890 3278 940 3364 ab
959 3283 1067 3365 omni
1085 3282 1174 3366 stre·

1 3396 8 3450 ⁵
151 3397 236 3505 pitu
280 3391 517 3505 publicisque
547 3391 712 3500 negotiis
741 3390 1059 3489 remotissimam,
1106 3397 1174 3478 vix

1 3557 2 3566 .
150 3509 297 3617 patitur
313 3505 513 3588 mediocris
536 3504 693 3586 fortuna
723 3505 764 3586 8<
784 3504 983 3608 conditio)
1010 3509 1174 3590 Annales
1234 3515 1238 3522 '

150 3616 324 3719 scribam,
353 3615 549 3726 qnisquam
567 3617 639 3698 rire
652 3615 802 3722 exigere
824 3617 974 3722 poterit.

210 3737 326 3812 Anno
358 3732 412 3809 Μ.
427 3729 513 3809 DC.
523 3731 759 3809 lxxxiv.
788 3752 873 3807 cum
895 3729 945 3810 D.
966 3724 1175 3810 Bernardus

151 3841 337 3952 quosdam
352 3866 401 3925 tx
421 3840 556 3925 amicis
579 3833 747 3946 aliosque
764 3839 880 3949 longe
901 3860 1023 3940 atate,
1054 3841 1175 3918 multo

1082 3975 1174 4031 vero
