<?xml version="1.0" encoding="UTF-8"?>
<!DOCTYPE html PUBLIC "-//W3C//DTD XHTML 1.0 Transitional//EN"
    "http://www.w3.org/TR/xhtml1/DTD/xhtml1-transitional.dtd">
<html xmlns="http://www.w3.org/1999/xhtml" xml:lang="en" lang="en">
 <head>
  <title>
</title>
<meta http-equiv="Content-Type" content="text/html;charset=utf-8" />
  <meta name='ocr-system' content='tesseract 3.04.00' />
  <meta name='ocr-capabilities' content='ocr_page ocr_carea ocr_par ocr_line ocrx_word'/>
</head>
<body>
  <div class='ocr_page' id='page_1' title='image "./rogeriaschamiep00sturgoog_0130.png"; bbox 0 0 2644 4466; ppageno 0'>
   <div class='ocr_carea' id='block_1_1' title="bbox 269 189 1316 628">
    <p class='ocr_par' dir='ltr' id='par_1_1' title="bbox 269 189 1316 628">
     <span class='ocr_line' id='line_1_1' title="bbox 269 189 1316 338; baseline -0.011 -52"><span class='ocrx_word' id='word_1_1' title='bbox 269 235 317 307; x_wconf 88' lang='lat'>70</span> <span class='ocrx_word' id='word_1_2' title='bbox 353 207 558 284; x_wconf 78' lang='lat' dir='ltr'>noonnr</span> <span class='ocrx_word' id='word_1_3' title='bbox 594 201 840 283; x_wconf 82' lang='lat' dir='ltr'>nscnnur</span> <span class='ocrx_word' id='word_1_4' title='bbox 877 189 1041 280; x_wconf 69' lang='lat' dir='ltr'>Error.</span> <span class='ocrx_word' id='word_1_5' title='bbox 1068 199 1192 277; x_wconf 78' lang='lat' dir='ltr'>rata.</span> <span class='ocrx_word' id='word_1_6' title='bbox 1314 289 1316 338; x_wconf 15' lang='lat' dir='ltr'>j</span> 
     </span>
     <span class='ocr_line' id='line_1_2' title="bbox 608 393 1316 537; baseline 0 -6"><span class='ocrx_word' id='word_1_7' title='bbox 608 393 899 537; x_wconf 54' lang='lat' dir='ltr'>nars‘rfu.</span> <span class='ocrx_word' id='word_1_8' title='bbox 1314 437 1316 444; x_wconf 86' lang='grc'><strong>’</strong></span> 
     </span>
     <span class='ocr_line' id='line_1_3' title="bbox 445 569 1049 628; baseline -0.005 -1"><span class='ocrx_word' id='word_1_9' title='bbox 445 569 763 628; x_wconf 71' lang='lat' dir='ltr'>navnnunblss.</span> <span class='ocrx_word' id='word_1_10' title='bbox 781 571 830 628; x_wconf 83' lang='lat' dir='ltr'>IN</span> <span class='ocrx_word' id='word_1_11' title='bbox 844 573 944 628; x_wconf 65' lang='grc' dir='ltr'>ΘΗΚ.</span> <span class='ocrx_word' id='word_1_12' title='bbox 961 570 1049 626; x_wconf 83' lang='grc' dir='ltr'><strong>ΡΑΤ.</strong></span> 
     </span>
    </p>
   </div>
   <div class='ocr_carea' id='block_1_2' title="bbox 373 665 1135 920">
    <p class='ocr_par' dir='ltr' id='par_1_2' title="bbox 373 665 1135 920">
     <span class='ocr_line' id='line_1_4' title="bbox 373 665 1131 782; baseline 0.018 -17"><span class='ocrx_word' id='word_1_13' title='bbox 373 665 834 772; x_wconf 89' lang='lat' dir='ltr'>EDVARDO</span> <span class='ocrx_word' id='word_1_14' title='bbox 904 667 1131 782; x_wconf 85' lang='lat' dir='ltr'>LAEo,</span> 
     </span>
     <span class='ocr_line' id='line_1_5' title="bbox 536 819 1135 920; baseline -0.002 -26"><span class='ocrx_word' id='word_1_15' title='bbox 536 819 784 898; x_wconf 71' lang='lat' dir='ltr'>lucratur.</span> <span class='ocrx_word' id='word_1_16' title='bbox 808 821 963 920; x_wconf 63' lang='lat' dir='ltr'>onon.</span> <span class='ocrx_word' id='word_1_17' title='bbox 1132 819 1135 824; x_wconf 85' lang='lat'>·</span> 
     </span>
    </p>
   </div>
   <div class='ocr_carea' id='block_1_3' title="bbox 211 953 1297 3738">
    <p class='ocr_par' dir='ltr' id='par_1_3' title="bbox 211 953 1297 3738">
     <span class='ocr_line' id='line_1_6' title="bbox 364 953 1250 1039; baseline -0.007 -17"><span class='ocrx_word' id='word_1_18' title='bbox 364 959 435 1022; x_wconf 73' lang='grc' dir='ltr'>ΠΜ</span> <span class='ocrx_word' id='word_1_19' title='bbox 460 957 490 1021; x_wconf 79' lang='lat' dir='ltr'>dt</span> <span class='ocrx_word' id='word_1_20' title='bbox 508 959 648 1039; x_wconf 87' lang='lat' dir='ltr'>praeteriti</span> <span class='ocrx_word' id='word_1_21' title='bbox 659 955 749 1019; x_wconf 87' lang='lat' dir='ltr'>nostri</span> <span class='ocrx_word' id='word_1_22' title='bbox 762 955 864 1032; x_wconf 87' lang='lat' dir='ltr'>officii,</span> <span class='ocrx_word' id='word_1_23' title='bbox 883 956 1074 1036; x_wconf 83' lang='lat' dir='ltr'>&amp;singularis</span> <span class='ocrx_word' id='word_1_24' title='bbox 1086 953 1250 1032; x_wconf 85' lang='lat' dir='ltr'>eujusdam</span> 
     </span>
     <span class='ocr_line' id='line_1_7' title="bbox 274 1035 1253 1176; baseline -0.002 -77"><span class='ocrx_word' id='word_1_25' title='bbox 274 1064 277 1070; x_wconf 95' lang='lat'>·</span> <span class='ocrx_word' id='word_1_26' title='bbox 378 1038 563 1176; x_wconf 42' lang='lat' dir='ltr'>neffigentiae</span> <span class='ocrx_word' id='word_1_27' title='bbox 587 1037 710 1098; x_wconf 85' lang='lat' dir='ltr'>crimine</span> <span class='ocrx_word' id='word_1_28' title='bbox 729 1035 881 1098; x_wconf 85' lang='lat' dir='ltr'>manifesto</span> <span class='ocrx_word' id='word_1_29' title='bbox 904 1037 997 1098; x_wconf 85' lang='lat' dir='ltr'>teneri</span> <span class='ocrx_word' id='word_1_30' title='bbox 1009 1054 1070 1094; x_wconf 94' lang='lat' dir='ltr'>non</span> <span class='ocrx_word' id='word_1_31' title='bbox 1091 1035 1253 1096; x_wconf 82' lang='lat' dir='ltr'>immerito</span> 
     </span>
     <span class='ocr_line' id='line_1_8' title="bbox 271 1107 1253 1201; baseline -0.006 -26"><span class='ocrx_word' id='word_1_32' title='bbox 271 1115 389 1190; x_wconf 88' lang='lat' dir='ltr'>videar,</span> <span class='ocrx_word' id='word_1_33' title='bbox 447 1112 661 1176; x_wconf 84' lang='lat' dir='ltr'>everendisiime</span> <span class='ocrx_word' id='word_1_34' title='bbox 686 1133 774 1193; x_wconf 88' lang='lat' dir='ltr'>pater,</span> <span class='ocrx_word' id='word_1_35' title='bbox 797 1114 878 1192; x_wconf 89' lang='lat' dir='ltr'>quod</span> <span class='ocrx_word' id='word_1_36' title='bbox 900 1113 952 1176; x_wconf 90' lang='lat' dir='ltr'>bac</span> <span class='ocrx_word' id='word_1_37' title='bbox 975 1111 1122 1190; x_wconf 85' lang='lat' dir='ltr'>superiore</span> <span class='ocrx_word' id='word_1_38' title='bbox 1148 1107 1253 1201; x_wconf 71' lang='lat' dir='ltr'>estate</span> 
     </span>
     <span class='ocr_line' id='line_1_9' title="bbox 259 1190 1254 1268; baseline -0.006 -14"><span class='ocrx_word' id='word_1_39' title='bbox 259 1196 366 1254; x_wconf 82' lang='lat' dir='ltr'>¹nullas</span> <span class='ocrx_word' id='word_1_40' title='bbox 389 1192 425 1254; x_wconf 83' lang='lat' dir='ltr'>ad</span> <span class='ocrx_word' id='word_1_41' title='bbox 438 1193 681 1254; x_wconf 88' lang='lat' dir='ltr'>Dominationem</span> <span class='ocrx_word' id='word_1_42' title='bbox 702 1211 782 1254; x_wconf 85' lang='lat' dir='ltr'>ruam</span> <span class='ocrx_word' id='word_1_43' title='bbox 803 1193 901 1253; x_wconf 84' lang='lat' dir='ltr'>literas</span> <span class='ocrx_word' id='word_1_44' title='bbox 926 1190 1073 1251; x_wconf 85' lang='lat' dir='ltr'>dederim:</span> <span class='ocrx_word' id='word_1_45' title='bbox 1107 1207 1254 1268; x_wconf 78' lang='lat' dir='ltr'>quamvis</span> 
     </span>
     <span class='ocr_line' id='line_1_10' title="bbox 272 1265 1254 1350; baseline -0.006 -18"><span class='ocrx_word' id='word_1_46' title='bbox 272 1291 391 1332; x_wconf 90' lang='lat' dir='ltr'>ornnem</span> <span class='ocrx_word' id='word_1_47' title='bbox 416 1269 592 1350; x_wconf 79' lang='lat' dir='ltr'>praetermissi</span> <span class='ocrx_word' id='word_1_48' title='bbox 602 1272 732 1330; x_wconf 87' lang='lat' dir='ltr'>muneris</span> <span class='ocrx_word' id='word_1_49' title='bbox 745 1270 965 1341; x_wconf 83' lang='lat' dir='ltr'>accusationem,</span> <span class='ocrx_word' id='word_1_50' title='bbox 987 1266 1061 1344; x_wconf 80' lang='lat' dir='ltr'>justa</span> <span class='ocrx_word' id='word_1_51' title='bbox 1089 1265 1254 1327; x_wconf 73' lang='lat' dir='ltr'>&amp;idonea</span> 
     </span>
     <span class='ocr_line' id='line_1_11' title="bbox 272 1345 1255 1429; baseline -0.004 -21"><span class='ocrx_word' id='word_1_52' title='bbox 272 1345 394 1426; x_wconf 66' lang='lat' dir='ltr'>quadam</span> <span class='ocrx_word' id='word_1_53' title='bbox 405 1352 578 1429; x_wconf 78' lang='lat' dir='ltr'>purgatione</span> <span class='ocrx_word' id='word_1_54' title='bbox 587 1348 729 1408; x_wconf 82' lang='lat' dir='ltr'>redimere</span> <span class='ocrx_word' id='word_1_55' title='bbox 739 1349 898 1427; x_wconf 89' lang='lat' dir='ltr'>potuerim;</span> <span class='ocrx_word' id='word_1_56' title='bbox 912 1347 1003 1424; x_wconf 83' lang='lat' dir='ltr'>magis</span> <span class='ocrx_word' id='word_1_57' title='bbox 1013 1363 1108 1405; x_wconf 90' lang='lat' dir='ltr'>tamen</span> <span class='ocrx_word' id='word_1_58' title='bbox 1119 1345 1255 1424; x_wconf 85' lang='lat' dir='ltr'>ingenui</span> 
     </span>
     <span class='ocr_line' id='line_1_12' title="bbox 273 1403 1297 1506; baseline -0.005 -21"><span class='ocrx_word' id='word_1_59' title='bbox 273 1441 320 1485; x_wconf 88' lang='lat' dir='ltr'>ma</span> <span class='ocrx_word' id='word_1_60' title='bbox 342 1425 422 1504; x_wconf 87' lang='lat' dir='ltr'>isque</span> <span class='ocrx_word' id='word_1_61' title='bbox 444 1426 580 1504; x_wconf 86' lang='lat' dir='ltr'>pudentis</span> <span class='ocrx_word' id='word_1_62' title='bbox 598 1445 653 1506; x_wconf 80' lang='lat' dir='ltr'>ego</span> <span class='ocrx_word' id='word_1_63' title='bbox 675 1423 730 1485; x_wconf 83' lang='lat' dir='ltr'>esse</span> <span class='ocrx_word' id='word_1_64' title='bbox 752 1423 947 1499; x_wconf 80' lang='lat' dir='ltr'>existimarim,</span> <span class='ocrx_word' id='word_1_65' title='bbox 966 1424 1052 1483; x_wconf 89' lang='lat' dir='ltr'>errati</span> <span class='ocrx_word' id='word_1_66' title='bbox 1066 1422 1184 1482; x_wconf 87' lang='lat' dir='ltr'>veniam</span> <span class='ocrx_word' id='word_1_67' title='bbox 1201 1439 1256 1480; x_wconf 72' lang='lat' dir='ltr'>av·</span> <span class='ocrx_word' id='word_1_68' title='bbox 1275 1403 1297 1460; x_wconf 57' lang='grc' dir='ltr'><strong>θ</strong></span> 
     </span>
     <span class='ocr_line' id='line_1_13' title="bbox 211 1447 1255 1582; baseline -0.003 -18"><span class='ocrx_word' id='word_1_69' title='bbox 211 1524 218 1540; x_wconf 69' lang='grc'><em>“</em></span> <span class='ocrx_word' id='word_1_70' title='bbox 273 1447 420 1568; x_wconf 61' lang='lat' dir='ltr'>noscendo</span> <span class='ocrx_word' id='word_1_71' title='bbox 443 1505 604 1582; x_wconf 86' lang='lat' dir='ltr'>impetrare,</span> <span class='ocrx_word' id='word_1_72' title='bbox 628 1521 715 1582; x_wconf 86' lang='lat' dir='ltr'>quam</span> <span class='ocrx_word' id='word_1_73' title='bbox 734 1503 935 1564; x_wconf 80' lang='lat' dir='ltr'>liberationem</span> <span class='ocrx_word' id='word_1_74' title='bbox 955 1503 1002 1562; x_wconf 90' lang='lat' dir='ltr'>cul</span> <span class='ocrx_word' id='word_1_75' title='bbox 1025 1521 1047 1559; x_wconf 81' lang='lat' dir='ltr'>ae</span> <span class='ocrx_word' id='word_1_76' title='bbox 1068 1501 1210 1560; x_wconf 83' lang='lat' dir='ltr'>occultan</span> <span class='ocrx_word' id='word_1_77' title='bbox 1234 1519 1255 1561; x_wconf 91' lang='grc' dir='ltr'>ο</span> 
     </span>
     <span class='ocr_line' id='line_1_14' title="bbox 274 1576 1255 1660; baseline 0 -22"><span class='ocrx_word' id='word_1_78' title='bbox 274 1581 438 1642; x_wconf 90' lang='lat' dir='ltr'>vendicare.</span> <span class='ocrx_word' id='word_1_79' title='bbox 457 1583 500 1641; x_wconf 92' lang='lat' dir='ltr'>Ut</span> <span class='ocrx_word' id='word_1_80' title='bbox 509 1601 569 1641; x_wconf 93' lang='lat' dir='ltr'>non</span> <span class='ocrx_word' id='word_1_81' title='bbox 580 1579 885 1660; x_wconf 86' lang='lat' dir='ltr'>scriberem,inprimis</span> <span class='ocrx_word' id='word_1_82' title='bbox 895 1601 942 1640; x_wconf 90' lang='lat' dir='ltr'>me</span> <span class='ocrx_word' id='word_1_83' title='bbox 952 1599 988 1655; x_wconf 91' lang='lat' dir='ltr'>pe</span> <span class='ocrx_word' id='word_1_84' title='bbox 1015 1576 1255 1656; x_wconf 85' lang='lat' dir='ltr'>uaseratmagni-</span> 
     </span>
     <span class='ocr_line' id='line_1_15' title="bbox 274 1655 1255 1738; baseline -0.005 -18"><span class='ocrx_word' id='word_1_85' title='bbox 274 1658 348 1720; x_wconf 82' lang='lat' dir='ltr'>licus</span> <span class='ocrx_word' id='word_1_86' title='bbox 359 1659 510 1738; x_wconf 83' lang='lat' dir='ltr'>illeRegiae</span> <span class='ocrx_word' id='word_1_87' title='bbox 517 1655 670 1736; x_wconf 80' lang='lat' dir='ltr'>majestatis</span> <span class='ocrx_word' id='word_1_88' title='bbox 679 1656 810 1718; x_wconf 83' lang='lat' dir='ltr'>accessus.</span> <span class='ocrx_word' id='word_1_89' title='bbox 818 1659 879 1736; x_wconf 87' lang='lat' dir='ltr'>qui,</span> <span class='ocrx_word' id='word_1_90' title='bbox 887 1657 916 1720; x_wconf 91' lang='lat' dir='ltr'>id</span> <span class='ocrx_word' id='word_1_91' title='bbox 927 1655 1006 1734; x_wconf 89' lang='lat' dir='ltr'>quod</span> <span class='ocrx_word' id='word_1_92' title='bbox 1017 1657 1139 1716; x_wconf 88' lang='lat' dir='ltr'>minime</span> <span class='ocrx_word' id='word_1_93' title='bbox 1146 1675 1198 1714; x_wconf 90' lang='lat' dir='ltr'>me</span> <span class='ocrx_word' id='word_1_94' title='bbox 1211 1657 1255 1716; x_wconf 90' lang='lat' dir='ltr'>la·</span> 
     </span>
     <span class='ocr_line' id='line_1_16' title="bbox 275 1733 1255 1812; baseline -0.003 -15"><span class='ocrx_word' id='word_1_95' title='bbox 275 1751 379 1809; x_wconf 90' lang='lat' dir='ltr'>tuerat,</span> <span class='ocrx_word' id='word_1_96' title='bbox 389 1735 628 1797; x_wconf 81' lang='lat' dir='ltr'>Dominationem</span> <span class='ocrx_word' id='word_1_97' title='bbox 636 1755 717 1796; x_wconf 86' lang='lat' dir='ltr'>tuam</span> <span class='ocrx_word' id='word_1_98' title='bbox 728 1737 758 1795; x_wconf 94' lang='lat' dir='ltr'>in</span> <span class='ocrx_word' id='word_1_99' title='bbox 769 1755 814 1796; x_wconf 77' lang='lat' dir='ltr'>eas</span> <span class='ocrx_word' id='word_1_100' title='bbox 825 1756 907 1798; x_wconf 86' lang='lat' dir='ltr'>curas</span> <span class='ocrx_word' id='word_1_101' title='bbox 918 1733 1078 1806; x_wconf 78' lang='lat' dir='ltr'>demiserat,</span> <span class='ocrx_word' id='word_1_102' title='bbox 1095 1733 1255 1812; x_wconf 88' lang='lat' dir='ltr'>tantisque</span> 
     </span>
     <span class='ocr_line' id='line_1_17' title="bbox 275 1809 1256 1892; baseline -0.001 -19"><span class='ocrx_word' id='word_1_103' title='bbox 275 1809 1256 1892; x_wconf 81' lang='lat' dir='ltr'>occupationibusdetinuerunt:utvixtibirespirandi,nedun1oti·</span> 
     </span>
     <span class='ocr_line' id='line_1_18' title="bbox 275 1887 1256 1970; baseline -0.001 -18"><span class='ocrx_word' id='word_1_104' title='bbox 275 1887 1256 1970; x_wconf 79' lang='lat' dir='ltr'>osanostiarelegendifacultasconcedererur.Nequehoccamensrc</span> 
     </span>
     <span class='ocr_line' id='line_1_19' title="bbox 277 1966 1257 2056; baseline -0.002 -26"><span class='ocrx_word' id='word_1_105' title='bbox 277 1969 352 2030; x_wconf 89' lang='lat' dir='ltr'>mihi</span> <span class='ocrx_word' id='word_1_106' title='bbox 370 1969 500 2056; x_wconf 77' lang='lat' dir='ltr'>opposito</span> <span class='ocrx_word' id='word_1_107' title='bbox 512 1969 722 2050; x_wconf 91' lang='lat' dir='ltr'>impedimento</span> <span class='ocrx_word' id='word_1_108' title='bbox 735 1967 841 2042; x_wconf 86' lang='lat' dir='ltr'>destiti,</span> <span class='ocrx_word' id='word_1_109' title='bbox 852 1971 924 2046; x_wconf 86' lang='lat' dir='ltr'>quin</span> <span class='ocrx_word' id='word_1_110' title='bbox 934 1986 998 2030; x_wconf 92' lang='lat' dir='ltr'>turn</span> <span class='ocrx_word' id='word_1_111' title='bbox 1009 1967 1130 2046; x_wconf 89' lang='lat' dir='ltr'>quidem</span> <span class='ocrx_word' id='word_1_112' title='bbox 1139 1966 1257 2028; x_wconf 82' lang='lat' dir='ltr'>scribe-</span> 
     </span>
     <span class='ocr_line' id='line_1_20' title="bbox 276 2042 1256 2126; baseline -0.001 -19"><span class='ocrx_word' id='word_1_113' title='bbox 276 2067 347 2107; x_wconf 90' lang='lat' dir='ltr'>rem.</span> <span class='ocrx_word' id='word_1_114' title='bbox 358 2045 539 2122; x_wconf 44' lang='lat' dir='ltr'>cujusreissut</span> <span class='ocrx_word' id='word_1_115' title='bbox 548 2046 907 2126; x_wconf 83' lang='lat' dir='ltr'>estintegerrimusvir‚ita</span> <span class='ocrx_word' id='word_1_116' title='bbox 917 2042 1155 2125; x_wconf 80' lang='lat' dir='ltr'>locupletissimus</span> <span class='ocrx_word' id='word_1_117' title='bbox 1165 2043 1256 2106; x_wconf 82' lang='lat' dir='ltr'>testis</span> 
     </span>
     <span class='ocr_line' id='line_1_21' title="bbox 279 2121 1258 2200; baseline 0 -16"><span class='ocrx_word' id='word_1_118' title='bbox 279 2121 334 2184; x_wconf 79' lang='lat' dir='ltr'>e&#39;sle</span> <span class='ocrx_word' id='word_1_119' title='bbox 346 2125 454 2200; x_wconf 90' lang='lat' dir='ltr'>poterit</span> <span class='ocrx_word' id='word_1_120' title='bbox 463 2131 496 2184; x_wconf 84' lang='lat' dir='ltr'>D.</span> <span class='ocrx_word' id='word_1_121' title='bbox 508 2129 619 2189; x_wconf 77' lang='lat' dir='ltr'>Joannes</span> <span class='ocrx_word' id='word_1_122' title='bbox 627 2127 803 2199; x_wconf 74' lang='lat' dir='ltr'>Redinannus,</span> <span class='ocrx_word' id='word_1_123' title='bbox 812 2126 862 2184; x_wconf 87' lang='lat' dir='ltr'>cui</span> <span class='ocrx_word' id='word_1_124' title='bbox 875 2145 920 2185; x_wconf 87' lang='lat' dir='ltr'>eas</span> <span class='ocrx_word' id='word_1_125' title='bbox 929 2125 1024 2186; x_wconf 79' lang='lat' dir='ltr'>literas</span> <span class='ocrx_word' id='word_1_126' title='bbox 1036 2121 1069 2182; x_wconf 91' lang='lat' dir='ltr'>ad</span> <span class='ocrx_word' id='word_1_127' title='bbox 1077 2121 1258 2184; x_wconf 90' lang='lat' dir='ltr'>Dominati·</span> 
     </span>
     <span class='ocr_line' id='line_1_22' title="bbox 277 2198 1258 2280; baseline 0 -18"><span class='ocrx_word' id='word_1_128' title='bbox 277 2222 367 2262; x_wconf 87' lang='lat' dir='ltr'>onem</span> <span class='ocrx_word' id='word_1_129' title='bbox 379 2218 458 2261; x_wconf 88' lang='lat' dir='ltr'>tuam</span> <span class='ocrx_word' id='word_1_130' title='bbox 469 2202 649 2280; x_wconf 82' lang='lat' dir='ltr'>perferendas</span> <span class='ocrx_word' id='word_1_131' title='bbox 662 2203 887 2264; x_wconf 81' lang='lat' dir='ltr'>committebam.</span> <span class='ocrx_word' id='word_1_132' title='bbox 909 2202 1010 2276; x_wconf 88' lang='lat' dir='ltr'>Quem</span> <span class='ocrx_word' id='word_1_133' title='bbox 1024 2221 1091 2261; x_wconf 91' lang='lat' dir='ltr'>curn</span> <span class='ocrx_word' id='word_1_134' title='bbox 1106 2201 1165 2276; x_wconf 82' lang='lat' dir='ltr'>jam</span> <span class='ocrx_word' id='word_1_135' title='bbox 1178 2198 1258 2262; x_wconf 84' lang='lat' dir='ltr'>esset</span> 
     </span>
     <span class='ocr_line' id='line_1_23' title="bbox 277 2279 1259 2367; baseline 0 -28"><span class='ocrx_word' id='word_1_136' title='bbox 277 2279 312 2339; x_wconf 86' lang='lat' dir='ltr'>in</span> <span class='ocrx_word' id='word_1_137' title='bbox 321 2279 469 2352; x_wconf 87' lang='lat' dir='ltr'>itinere‚&amp;</span> <span class='ocrx_word' id='word_1_138' title='bbox 483 2283 546 2340; x_wconf 82' lang='lat' dir='ltr'>caeli</span> <span class='ocrx_word' id='word_1_139' title='bbox 559 2281 708 2367; x_wconf 65' lang='lat' dir='ltr'>gpaviorir,</span> <span class='ocrx_word' id='word_1_140' title='bbox 721 2283 749 2342; x_wconf 78' lang='lat' dir='ltr'>dc</span> <span class='ocrx_word' id='word_1_141' title='bbox 762 2298 905 2358; x_wconf 84' lang='lat' dir='ltr'>quartanae</span> <span class='ocrx_word' id='word_1_142' title='bbox 920 2280 1009 2340; x_wconf 88' lang='lat' dir='ltr'>febris</span> <span class='ocrx_word' id='word_1_143' title='bbox 1022 2297 1125 2349; x_wconf 74' lang='lat' dir='ltr'>metue,</span> <span class='ocrx_word' id='word_1_144' title='bbox 1132 2297 1191 2356; x_wconf 90' lang='lat' dir='ltr'>qua</span> <span class='ocrx_word' id='word_1_145' title='bbox 1206 2279 1259 2339; x_wconf 82' lang='lat' dir='ltr'>su-</span> 
     </span>
     <span class='ocr_line' id='line_1_24' title="bbox 277 2355 1259 2443; baseline 0.004 -29"><span class='ocrx_word' id='word_1_146' title='bbox 277 2356 392 2443; x_wconf 83' lang='lat' dir='ltr'>periore</span> <span class='ocrx_word' id='word_1_147' title='bbox 399 2369 474 2417; x_wconf 89' lang='lat' dir='ltr'>anno</span> <span class='ocrx_word' id='word_1_148' title='bbox 484 2357 585 2418; x_wconf 87' lang='lat' dir='ltr'>misere</span> <span class='ocrx_word' id='word_1_149' title='bbox 596 2357 780 2438; x_wconf 82' lang='lat' dir='ltr'>affligebatur,</span> <span class='ocrx_word' id='word_1_150' title='bbox 787 2357 821 2418; x_wconf 90' lang='lat' dir='ltr'>ad</span> <span class='ocrx_word' id='word_1_151' title='bbox 834 2379 886 2418; x_wconf 90' lang='lat' dir='ltr'>nos</span> <span class='ocrx_word' id='word_1_152' title='bbox 897 2377 1032 2418; x_wconf 87' lang='lat' dir='ltr'>unacum</span> <span class='ocrx_word' id='word_1_153' title='bbox 1043 2355 1135 2417; x_wconf 86' lang='lat' dir='ltr'>literis</span> <span class='ocrx_word' id='word_1_154' title='bbox 1143 2355 1259 2418; x_wconf 83' lang='lat' dir='ltr'>nostris</span> 
     </span>
     <span class='ocr_line' id='line_1_25' title="bbox 278 2432 1259 2514; baseline 0.001 -20"><span class='ocrx_word' id='word_1_155' title='bbox 278 2435 448 2511; x_wconf 77' lang='lat' dir='ltr'>reportabat.</span> <span class='ocrx_word' id='word_1_156' title='bbox 488 2434 543 2494; x_wconf 87' lang='lat' dir='ltr'>Sed</span> <span class='ocrx_word' id='word_1_157' title='bbox 553 2443 704 2513; x_wconf 74' lang='lat' dir='ltr'>uteunque</span> <span class='ocrx_word' id='word_1_158' title='bbox 716 2435 788 2513; x_wconf 87' lang='lat' dir='ltr'>justa</span> <span class='ocrx_word' id='word_1_159' title='bbox 798 2437 982 2514; x_wconf 82' lang='lat' dir='ltr'>negligentiae</span> <span class='ocrx_word' id='word_1_160' title='bbox 997 2453 1063 2494; x_wconf 87' lang='lat' dir='ltr'>nota</span> <span class='ocrx_word' id='word_1_161' title='bbox 1078 2432 1152 2494; x_wconf 89' lang='lat' dir='ltr'>mihi</span> <span class='ocrx_word' id='word_1_162' title='bbox 1168 2435 1259 2496; x_wconf 91' lang='lat' dir='ltr'>inuri</span> 
     </span>
     <span class='ocr_line' id='line_1_26' title="bbox 277 2508 1261 2593; baseline 0 -21"><span class='ocrx_word' id='word_1_163' title='bbox 277 2508 369 2590; x_wconf 77' lang='lat' dir='ltr'>polilt,</span> <span class='ocrx_word' id='word_1_164' title='bbox 390 2532 468 2572; x_wconf 87' lang='lat' dir='ltr'>nunt</span> <span class='ocrx_word' id='word_1_165' title='bbox 493 2511 589 2573; x_wconf 83' lang='lat' dir='ltr'>tamen</span> <span class='ocrx_word' id='word_1_166' title='bbox 612 2514 706 2593; x_wconf 77' lang='lat' dir='ltr'>facere</span> <span class='ocrx_word' id='word_1_167' title='bbox 728 2536 788 2574; x_wconf 93' lang='lat' dir='ltr'>non</span> <span class='ocrx_word' id='word_1_168' title='bbox 814 2515 907 2592; x_wconf 89' lang='lat' dir='ltr'>potui,</span> <span class='ocrx_word' id='word_1_169' title='bbox 927 2514 1001 2592; x_wconf 92' lang='lat' dir='ltr'>quin</span> <span class='ocrx_word' id='word_1_170' title='bbox 1023 2511 1136 2589; x_wconf 85' lang='lat' dir='ltr'>aliquid</span> <span class='ocrx_word' id='word_1_171' title='bbox 1151 2510 1261 2572; x_wconf 87' lang='lat' dir='ltr'>Subli·</span> 
     </span>
     <span class='ocr_line' id='line_1_27' title="bbox 278 2588 1261 2668; baseline -0.005 -20"><span class='ocrx_word' id='word_1_172' title='bbox 278 2589 374 2652; x_wconf 88' lang='lat' dir='ltr'>lnitati</span> <span class='ocrx_word' id='word_1_173' title='bbox 387 2606 445 2652; x_wconf 77' lang='lat' dir='ltr'>tue</span> <span class='ocrx_word' id='word_1_174' title='bbox 459 2591 594 2652; x_wconf 83' lang='lat' dir='ltr'>offenem</span> <span class='ocrx_word' id='word_1_175' title='bbox 607 2617 612 2650; x_wconf 95' lang='lat'><strong>:</strong></span> <span class='ocrx_word' id='word_1_176' title='bbox 631 2611 691 2668; x_wconf 88' lang='lat' dir='ltr'>quo</span> <span class='ocrx_word' id='word_1_177' title='bbox 704 2611 772 2650; x_wconf 91' lang='lat' dir='ltr'>cum</span> <span class='ocrx_word' id='word_1_178' title='bbox 784 2592 956 2650; x_wconf 84' lang='lat' dir='ltr'>meritorum</span> <span class='ocrx_word' id='word_1_179' title='bbox 969 2607 1155 2668; x_wconf 85' lang='lat' dir='ltr'>acceptorum</span> <span class='ocrx_word' id='word_1_180' title='bbox 1168 2588 1261 2651; x_wconf 52' lang='lat' dir='ltr'>testie</span> 
     </span>
     <span class='ocr_line' id='line_1_28' title="bbox 277 2665 1292 2738; baseline -0.004 -10"><span class='ocrx_word' id='word_1_181' title='bbox 277 2665 454 2738; x_wconf 81' lang='lat' dir='ltr'>ficationem,</span> <span class='ocrx_word' id='word_1_182' title='bbox 477 2687 543 2730; x_wconf 90' lang='lat' dir='ltr'>tum</span> <span class='ocrx_word' id='word_1_183' title='bbox 566 2669 657 2728; x_wconf 89' lang='lat' dir='ltr'>debiti</span> <span class='ocrx_word' id='word_1_184' title='bbox 671 2667 761 2729; x_wconf 87' lang='lat' dir='ltr'>nostri</span> <span class='ocrx_word' id='word_1_185' title='bbox 784 2668 875 2730; x_wconf 88' lang='lat' dir='ltr'>officii</span> <span class='ocrx_word' id='word_1_186' title='bbox 900 2670 928 2728; x_wconf 78' lang='lat' dir='ltr'>dc</span> <span class='ocrx_word' id='word_1_187' title='bbox 953 2667 1137 2728; x_wconf 72' lang='lat' dir='ltr'>observantiae</span> <span class='ocrx_word' id='word_1_188' title='bbox 1152 2665 1262 2728; x_wconf 87' lang='lat' dir='ltr'>decla·</span> <span class='ocrx_word' id='word_1_189' title='bbox 1289 2717 1292 2724; x_wconf 91' lang='lat'><em>.</em></span> 
     </span>
     <span class='ocr_line' id='line_1_29' title="bbox 274 2741 1262 2827; baseline 0 -21"><span class='ocrx_word' id='word_1_190' title='bbox 274 2746 421 2806; x_wconf 84' lang='lat' dir='ltr'>&#39;rationem</span> <span class='ocrx_word' id='word_1_191' title='bbox 433 2745 489 2805; x_wconf 94' lang='lat' dir='ltr'>tibi</span> <span class='ocrx_word' id='word_1_192' title='bbox 502 2745 699 2822; x_wconf 83' lang='lat' dir='ltr'>significarem.</span> <span class='ocrx_word' id='word_1_193' title='bbox 725 2748 878 2827; x_wconf 71' lang='lat' dir='ltr'>&#39;Accipiat</span> <span class='ocrx_word' id='word_1_194' title='bbox 888 2767 966 2821; x_wconf 78' lang='lat' dir='ltr'>ergo,</span> <span class='ocrx_word' id='word_1_195' title='bbox 986 2741 1161 2806; x_wconf 85' lang='lat' dir='ltr'>ornatissime</span> <span class='ocrx_word' id='word_1_196' title='bbox 1171 2743 1262 2806; x_wconf 81' lang='lat' dir='ltr'>Prae-</span> 
     </span>
     <span class='ocr_line' id='line_1_30' title="bbox 276 2821 1261 2901; baseline 0.003 -18"><span class='ocrx_word' id='word_1_197' title='bbox 276 2821 331 2894; x_wconf 83' lang='lat' dir='ltr'>sul,</span> <span class='ocrx_word' id='word_1_198' title='bbox 352 2823 504 2883; x_wconf 78' lang='lat' dir='ltr'>Praesulem</span> <span class='ocrx_word' id='word_1_199' title='bbox 524 2827 608 2884; x_wconf 90' lang='lat' dir='ltr'>illum</span> <span class='ocrx_word' id='word_1_200' title='bbox 621 2831 719 2894; x_wconf 79' lang='lat' dir='ltr'>Titum,</span> <span class='ocrx_word' id='word_1_201' title='bbox 741 2823 828 2901; x_wconf 82' lang='lat' dir='ltr'>q&#39;uem</span> <span class='ocrx_word' id='word_1_202' title='bbox 842 2826 888 2883; x_wconf 86' lang='lat' dir='ltr'>vel</span> <span class='ocrx_word' id='word_1_203' title='bbox 901 2846 936 2884; x_wconf 89' lang='lat' dir='ltr'>eo</span> <span class='ocrx_word' id='word_1_204' title='bbox 951 2825 1069 2882; x_wconf 93' lang='lat' dir='ltr'>nomine</span> <span class='ocrx_word' id='word_1_205' title='bbox 1082 2823 1179 2881; x_wconf 89' lang='lat' dir='ltr'>multo</span> <span class='ocrx_word' id='word_1_206' title='bbox 1193 2823 1261 2886; x_wconf 89' lang='lat' dir='ltr'>tibi</span> 
     </span>
     <span class='ocr_line' id='line_1_31' title="bbox 278 2899 1263 2978; baseline 0.001 -20"><span class='ocrx_word' id='word_1_207' title='bbox 278 2901 471 2976; x_wconf 88' lang='lat' dir='ltr'>acceptiorem</span> <span class='ocrx_word' id='word_1_208' title='bbox 495 2901 558 2960; x_wconf 87' lang='lat' dir='ltr'>sore</span> <span class='ocrx_word' id='word_1_209' title='bbox 581 2899 722 2964; x_wconf 83' lang='lat' dir='ltr'>existimo.</span> <span class='ocrx_word' id='word_1_210' title='bbox 742 2901 832 2978; x_wconf 82' lang='lat' dir='ltr'>quod,</span> <span class='ocrx_word' id='word_1_211' title='bbox 852 2920 885 2961; x_wconf 88' lang='lat' dir='ltr'>ut</span> <span class='ocrx_word' id='word_1_212' title='bbox 908 2903 979 2961; x_wconf 89' lang='lat' dir='ltr'>olim</span> <span class='ocrx_word' id='word_1_213' title='bbox 992 2900 1113 2978; x_wconf 78' lang='lat' dir='ltr'>Cretcnfis</span> <span class='ocrx_word' id='word_1_214' title='bbox 1139 2903 1263 2978; x_wconf 67' lang='lat' dir='ltr'>Ecclqfiae</span> 
     </span>
     <span class='ocr_line' id='line_1_32' title="bbox 277 2975 1262 3057; baseline 0 -21"><span class='ocrx_word' id='word_1_215' title='bbox 277 2975 397 3036; x_wconf 71' lang='lat' dir='ltr'>summm</span> <span class='ocrx_word' id='word_1_216' title='bbox 421 2976 602 3040; x_wconf 69' lang='lat' dir='ltr'>moderanda</span> <span class='ocrx_word' id='word_1_217' title='bbox 626 2979 701 3057; x_wconf 84' lang='lat' dir='ltr'>apud</span> <span class='ocrx_word' id='word_1_218' title='bbox 715 2984 812 3050; x_wconf 73' lang='lat' dir='ltr'>Titum,</span> <span class='ocrx_word' id='word_1_219' title='bbox 831 2980 871 3040; x_wconf 86' lang='lat' dir='ltr'>ita</span> <span class='ocrx_word' id='word_1_220' title='bbox 897 2999 976 3052; x_wconf 80' lang='lat' dir='ltr'>nunc</span> <span class='ocrx_word' id='word_1_221' title='bbox 990 2976 1145 3047; x_wconf 68' lang='lat' dir='ltr'>Eberncenfis</span> <span class='ocrx_word' id='word_1_222' title='bbox 1159 2995 1262 3054; x_wconf 78' lang='lat' dir='ltr'>quam</span> 
     </span>
     <span class='ocr_line' id='line_1_33' title="bbox 279 3053 1264 3134; baseline 0.004 -20"><span class='ocrx_word' id='word_1_223' title='bbox 279 3053 452 3114; x_wconf 83' lang='lat' dir='ltr'>fimillimam</span> <span class='ocrx_word' id='word_1_224' title='bbox 480 3075 579 3116; x_wconf 85' lang='lat' dir='ltr'>curam</span> <span class='ocrx_word' id='word_1_225' title='bbox 604 3056 680 3134; x_wconf 86' lang='lat' dir='ltr'>apud</span> <span class='ocrx_word' id='word_1_226' title='bbox 692 3056 929 3118; x_wconf 86' lang='lat' dir='ltr'>Dominationem</span> <span class='ocrx_word' id='word_1_227' title='bbox 942 3075 1022 3117; x_wconf 84' lang='lat' dir='ltr'>tuam</span> <span class='ocrx_word' id='word_1_228' title='bbox 1035 3055 1176 3114; x_wconf 84' lang='lat' dir='ltr'>excubare</span> <span class='ocrx_word' id='word_1_229' title='bbox 1198 3077 1264 3118; x_wconf 90' lang='lat' dir='ltr'>no-</span> 
     </span>
     <span class='ocr_line' id='line_1_34' title="bbox 278 3132 1265 3211; baseline 0 -23"><span class='ocrx_word' id='word_1_230' title='bbox 278 3133 386 3193; x_wconf 85' lang='lat' dir='ltr'>vimus.</span> <span class='ocrx_word' id='word_1_231' title='bbox 425 3139 592 3190; x_wconf 79' lang='lat' dir='ltr'>oecumenius</span> <span class='ocrx_word' id='word_1_232' title='bbox 614 3133 748 3210; x_wconf 89' lang='lat' dir='ltr'>quisquis</span> <span class='ocrx_word' id='word_1_233' title='bbox 772 3136 820 3194; x_wconf 87' lang='lat' dir='ltr'>ille</span> <span class='ocrx_word' id='word_1_234' title='bbox 842 3136 946 3207; x_wconf 84' lang='lat' dir='ltr'>suerat,</span> <span class='ocrx_word' id='word_1_235' title='bbox 968 3134 1018 3211; x_wconf 93' lang='lat' dir='ltr'>qui</span> <span class='ocrx_word' id='word_1_236' title='bbox 1034 3132 1086 3192; x_wconf 83' lang='lat' dir='ltr'>hos</span> <span class='ocrx_word' id='word_1_237' title='bbox 1099 3137 1265 3195; x_wconf 77' lang='lat' dir='ltr'>commen.</span> 
     </span>
     <span class='ocr_line' id='line_1_35' title="bbox 280 3207 1265 3288; baseline 0.005 -20"><span class='ocrx_word' id='word_1_238' title='bbox 280 3212 370 3272; x_wconf 85' lang='lat' dir='ltr'>tarios</span> <span class='ocrx_word' id='word_1_239' title='bbox 382 3208 527 3287; x_wconf 81' lang='lat' dir='ltr'>congeffit,</span> <span class='ocrx_word' id='word_1_240' title='bbox 547 3207 604 3274; x_wconf 72' lang='lat' dir='ltr'>&amp;a</span> <span class='ocrx_word' id='word_1_241' title='bbox 625 3212 655 3270; x_wconf 87' lang='lat' dir='ltr'>Si</span> <span class='ocrx_word' id='word_1_242' title='bbox 669 3212 741 3288; x_wconf 87' lang='lat' dir='ltr'>quid</span> <span class='ocrx_word' id='word_1_243' title='bbox 756 3211 943 3282; x_wconf 71' lang='lat' dir='ltr'>eruditissime</span> <span class='ocrx_word' id='word_1_244' title='bbox 956 3211 1060 3272; x_wconf 80' lang='lat' dir='ltr'>Praesul</span> <span class='ocrx_word' id='word_1_245' title='bbox 1075 3212 1106 3270; x_wconf 93' lang='lat' dir='ltr'>in</span> <span class='ocrx_word' id='word_1_246' title='bbox 1120 3207 1174 3269; x_wconf 89' lang='lat' dir='ltr'>bac</span> <span class='ocrx_word' id='word_1_247' title='bbox 1186 3233 1265 3272; x_wconf 85' lang='lat' dir='ltr'>ver-</span> 
     </span>
     <span class='ocr_line' id='line_1_36' title="bbox 278 3286 1295 3368; baseline -0.003 -22"><span class='ocrx_word' id='word_1_248' title='bbox 278 3287 370 3358; x_wconf 77' lang='lat' dir='ltr'>sione,</span> <span class='ocrx_word' id='word_1_249' title='bbox 408 3307 472 3366; x_wconf 73' lang='lat' dir='ltr'>qua‘</span> <span class='ocrx_word' id='word_1_250' title='bbox 497 3290 589 3365; x_wconf 82' lang='lat' dir='ltr'>priora</span> <span class='ocrx_word' id='word_1_251' title='bbox 612 3289 725 3367; x_wconf 87' lang='lat' dir='ltr'>ingenii</span> <span class='ocrx_word' id='word_1_252' title='bbox 747 3288 834 3350; x_wconf 89' lang='lat' dir='ltr'>nostri</span> <span class='ocrx_word' id='word_1_253' title='bbox 860 3291 1034 3368; x_wconf 85' lang='lat' dir='ltr'>periclitatio</span> <span class='ocrx_word' id='word_1_254' title='bbox 1056 3286 1097 3348; x_wconf 86' lang='lat' dir='ltr'>est</span> <span class='ocrx_word' id='word_1_255' title='bbox 1120 3289 1266 3350; x_wconf 83' lang='lat' dir='ltr'>animad.</span> <span class='ocrx_word' id='word_1_256' title='bbox 1291 3329 1295 3338; x_wconf 90' lang='lat'>.</span> 
     </span>
     <span class='ocr_line' id='line_1_37' title="bbox 280 3365 1263 3445; baseline 0.008 -23"><span class='ocrx_word' id='word_1_257' title='bbox 280 3382 418 3436; x_wconf 86' lang='lat' dir='ltr'>vertatur,</span> <span class='ocrx_word' id='word_1_258' title='bbox 438 3365 519 3441; x_wconf 86' lang='lat' dir='ltr'>quod</span> <span class='ocrx_word' id='word_1_259' title='bbox 541 3369 588 3426; x_wconf 87' lang='lat' dir='ltr'>vel</span> <span class='ocrx_word' id='word_1_260' title='bbox 610 3369 787 3444; x_wconf 79' lang='lat' dir='ltr'>negligentia</span> <span class='ocrx_word' id='word_1_261' title='bbox 800 3368 954 3436; x_wconf 77' lang='lat' dir='ltr'>oscitanter</span> <span class='ocrx_word' id='word_1_262' title='bbox 966 3365 1183 3445; x_wconf 86' lang='lat' dir='ltr'>perpendimus,</span> <span class='ocrx_word' id='word_1_263' title='bbox 1205 3371 1263 3430; x_wconf 87' lang='lat' dir='ltr'>vel</span> 
     </span>
     <span class='ocr_line' id='line_1_38' title="bbox 277 3442 1264 3523; baseline 0.006 -21"><span class='ocrx_word' id='word_1_264' title='bbox 277 3443 424 3519; x_wconf 88' lang='lat' dir='ltr'>imperitia</span> <span class='ocrx_word' id='word_1_265' title='bbox 454 3464 513 3503; x_wconf 91' lang='lat' dir='ltr'>non</span> <span class='ocrx_word' id='word_1_266' title='bbox 541 3445 625 3523; x_wconf 88' lang='lat' dir='ltr'>plene</span> <span class='ocrx_word' id='word_1_267' title='bbox 651 3442 789 3520; x_wconf 85' lang='lat' dir='ltr'>assequuti</span> <span class='ocrx_word' id='word_1_268' title='bbox 818 3445 924 3515; x_wconf 71' lang='lat' dir='ltr'>sumno,</span> <span class='ocrx_word' id='word_1_269' title='bbox 949 3447 981 3504; x_wconf 95' lang='lat' dir='ltr'>in</span> <span class='ocrx_word' id='word_1_270' title='bbox 1007 3445 1058 3504; x_wconf 85' lang='lat' dir='ltr'>hac</span> <span class='ocrx_word' id='word_1_271' title='bbox 1085 3463 1125 3514; x_wconf 88' lang='lat' dir='ltr'>re,</span> <span class='ocrx_word' id='word_1_272' title='bbox 1155 3461 1191 3502; x_wconf 89' lang='lat' dir='ltr'>ut</span> <span class='ocrx_word' id='word_1_273' title='bbox 1223 3446 1264 3508; x_wconf 88' lang='lat' dir='ltr'>in</span> 
     </span>
     <span class='ocr_line' id='line_1_39' title="bbox 278 3521 1264 3594; baseline 0.001 -16"><span class='ocrx_word' id='word_1_274' title='bbox 278 3521 384 3578; x_wconf 82' lang='lat' dir='ltr'>ceteris</span> <span class='ocrx_word' id='word_1_275' title='bbox 414 3522 571 3592; x_wconf 84' lang='lat' dir='ltr'>omnibus,</span> <span class='ocrx_word' id='word_1_276' title='bbox 600 3543 616 3581; x_wconf 88' lang='lat' dir='ltr'>a</span> <span class='ocrx_word' id='word_1_277' title='bbox 645 3522 856 3582; x_wconf 86' lang='lat' dir='ltr'>Dominarione</span> <span class='ocrx_word' id='word_1_278' title='bbox 889 3540 936 3581; x_wconf 88' lang='lat' dir='ltr'>rua</span> <span class='ocrx_word' id='word_1_279' title='bbox 955 3522 1093 3594; x_wconf 85' lang='lat' dir='ltr'>moniti,</span> <span class='ocrx_word' id='word_1_280' title='bbox 1121 3538 1264 3586; x_wconf 85' lang='lat' dir='ltr'>erratum</span> 
     </span>
     <span class='ocr_line' id='line_1_40' title="bbox 279 3597 1264 3676; baseline 0.005 -22"><span class='ocrx_word' id='word_1_281' title='bbox 279 3598 405 3658; x_wconf 85' lang='lat' dir='ltr'>libenter</span> <span class='ocrx_word' id='word_1_282' title='bbox 419 3599 614 3676; x_wconf 82' lang='lat' dir='ltr'>agnoscemus.</span> <span class='ocrx_word' id='word_1_283' title='bbox 654 3599 691 3657; x_wconf 92' lang='lat' dir='ltr'>D.</span> <span class='ocrx_word' id='word_1_284' title='bbox 699 3597 785 3672; x_wconf 88' lang='lat' dir='ltr'>Jesus</span> <span class='ocrx_word' id='word_1_285' title='bbox 800 3598 928 3663; x_wconf 82' lang='lat' dir='ltr'>Christus</span> <span class='ocrx_word' id='word_1_286' title='bbox 940 3599 1154 3662; x_wconf 85' lang='lat' dir='ltr'>Sublimitatem</span> <span class='ocrx_word' id='word_1_287' title='bbox 1167 3616 1264 3664; x_wconf 87' lang='lat' dir='ltr'>tuam</span> 
     </span>
     <span class='ocr_line' id='line_1_41' title="bbox 278 3673 746 3738; baseline 0 -2"><span class='ocrx_word' id='word_1_288' title='bbox 278 3673 435 3738; x_wconf 76' lang='lat' dir='ltr'>diutissime</span> <span class='ocrx_word' id='word_1_289' title='bbox 450 3676 542 3737; x_wconf 78' lang='lat' dir='ltr'>servet</span> <span class='ocrx_word' id='word_1_290' title='bbox 555 3675 746 3738; x_wconf 76' lang='lat' dir='ltr'>incolumem.</span> 
     </span>
    </p>
   </div>
   <div class='ocr_carea' id='block_1_4' title="bbox 1004 3725 1263 3818">
    <p class='ocr_par' dir='ltr' id='par_1_4' title="bbox 1004 3725 1263 3818">
     <span class='ocr_line' id='line_1_42' title="bbox 1004 3725 1263 3818; baseline 0 -2"><span class='ocrx_word' id='word_1_291' title='bbox 1004 3725 1007 3730; x_wconf 83' lang='grc'><strong>’</strong></span> <span class='ocrx_word' id='word_1_292' title='bbox 1095 3751 1263 3818; x_wconf 65' lang='lat' dir='ltr'>cursat</span> 
     </span>
    </p>
   </div>
   <div class='ocr_carea' id='block_1_5' title="bbox 0 0 1341 4466">
    <p class='ocr_par' dir='ltr' id='par_1_5' title="bbox 0 0 1341 4466">
     <span class='ocr_line' id='line_1_43' title="bbox 0 0 1341 4466; baseline 0 0"><span class='ocrx_word' id='word_1_293' title='bbox 0 0 1341 4466; x_wconf 95' lang='lat' dir='ltr'> </span> 
     </span>
    </p>
   </div>
  </div>
 </body>
</html>
