2646 4448
195 113 261 254 aa
311 119 375 213 n.
401 113 455 210 u.
484 111 896 212 renuatur
936 110 1119 216 (ΠΛ.

191 287 374 395 Angliam
410 285 451 364 8(
490 275 720 374 Hiberniam
760 279 1069 390 quaquaversum
1101 280 1228 394 sparfi,

190 395 384 506 symbolas
408 392 493 478 suas
516 392 690 476 certatim
715 391 923 496 contulbre,
954 419 1136 503 quorum
1160 395 1229 482 be·

187 510 419 619 nignitatem
445 511 486 592 8(
514 513 606 615 erga
635 501 758 586 bonas
784 505 934 606 literas,
966 507 1230 596 Academiam

188 617 468 720 (broniensem,
511 622 552 702 8(
580 615 760 716 Patriam,
778 641 979 719 amorem,
1025 624 1227 734 animique

187 759 344 846 quoque
377 731 524 830 dotes,i
555 727 840 837 praefationibus
873 732 1221 848 lemmatibusque‚

188 872 271 960 quae
296 842 531 954 fingulorum
559 843 745 953 catalogis
776 844 1085 953 praemittuntur,
1118 847 1224 932 valde

187 957 413 1070 magnificis,
441 961 482 1038 8(
501 981 575 1066 pro
598 956 716 1037 nimia
736 953 799 1036 sua
819 955 997 1039 bonitate
1017 959 1144 1070 plane
1161 961 1228 1044 ad·

187 1071 388 1169 mirandis,
416 1070 456 1150 8(
485 1068 700 1150 nullatcnus
732 1067 777 1150 in
794 1064 978 1152 omnibus
1003 1069 1230 1180 promiscue

187 1181 452 1280 admittendis,
472 1182 537 1262 ille
554 1177 718 1261 celebrat
733 1181 893 1291 elogiis:
918 1177 986 1262 sed
1004 1185 1144 1268 omnis
1163 1186 1229 1270 iste

185 1294 299 1384 labor
318 1295 436 1378 nihili
452 1289 661 1390 videbitur,
691 1288 821 1374 ficum
847 1293 1141 1380 accuratilsrmo
1162 1301 1233 1382 illo

185 1409 317 1491 Indice
336 1403 542 1489 secundum
558 1400 829 1515 Alphabetnm,
854 1429 971 1515 quern
984 1433 1039 1490 cx
1060 1407 1230 1510 schedis,

186 1520 337 1630 eprelo
371 1514 603 1612 calentibus,
635 1516 738 1597 ledis
766 1515 999 1627 relatusque,
1034 1520 1229 1632 eanifito

187 1633 333 1715 'udicio
351 1633 393 1712 8(
406 1627 624 1712 incredibili
641 1625 1054 1728 industrilcollesrurn,
1074 1638 1118 1718 8<
1130 1636 1226 1718 duo-

184 1662 258 1832 bus
276 1743 427 1850 magnis
445 1738 706 1824 voluminibus
723 1738 1011 1850 digestumquae
1027 1740 1090 1827 bis
1109 1767 1225 1845 terve,

188 1876 277 1940 anre
296 1853 523 1963 susceptum,
557 1874 697 1961 quarto
709 1875 800 1938 ante
815 1853 972 1936 obitum
983 1855 1137 1959 mense,
1154 1886 1221 1940 no-

186 1966 382 2051 vilsrmum
408 1969 480 2048 iter
502 1965 787 2064 Hollandieum,
815 1968 871 2046 uti
898 1963 950 2047 ab
973 1967 1049 2050 illo
1075 1974 1220 2080 accepi,

184 2081 341 2194 propris
369 2105 486 2162 rnanu
516 2074 769 2186 descripserat,
795 2077 1045 2163 conletatur:
1071 2083 1220 2193 dequo

188 2191 305 2304 paulb
336 2187 452 2272 fufius
479 2217 604 2299 agam,
632 2189 793 2299 quando
819 2191 868 2271 de
898 2189 1009 2273 libris
1040 2196 1219 2276 collet'la·

184 2304 339 2411 ncisque
358 2307 436 2410 ejus
449 2304 604 2384 ineditis
622 2297 839 2384 disseruero.

239 2416 389 2499 Itineris
408 2419 446 2496 in
474 2415 726 2496 Hollandiam
748 2416 863 2496 tertio
882 2410 1060 2524 suscepti,
1096 2443 1216 2528 aquo

183 2531 299 2612 nullis
318 2526 473 2634 objectis
502 2528 690 2635 periculis,
720 2553 798 2608 uon
819 2526 1108 2634 tempestatum,
1138 2558 1211 2641 qua

182 2639 268 2752 post
281 2640 564 2747 AEquinoslium
580 2643 798 2718 autumnale
815 2635 942 2719 saevire
959 2637 1104 2742 solent,
1139 2670 1212 2723 non

181 2755 383 2846 malorum,
413 2751 435 2830 sr
457 2780 478 2832 a
495 2753 627 2845 Gallis,
657 2748 732 2829 suis
751 2749 1037 2833 excurfionibus
1054 2752 1213 2837 subinde

182 2885 311 2946 totum
337 2863 430 2942 illud
452 2864 591 2944 fretum
612 2860 772 2969 orasque
790 2863 1003 2944 maritimas
1030 2867 1205 2950 infestan-

182 2975 296 3070 tibus,
325 2977 624 3082 interciperetur,
658 3001 737 3054 non
765 2977 900 3057 mortis
924 2973 1061 3084 ipfius,
1098 3007 1208 3088 quarn

180 3088 326 3171 morbis
363 3087 477 3168 traua
505 3087 691 3168 valetudo
720 3087 973 3195 continuique
1004 3091 1211 3199 languores

179 3201 331 3282 molesti
371 3201 441 3278 lrac
488 3201 739 3303 inrigatione
783 3199 1068 3300 exacerbandi,
1120 3210 1211 3287 eitra

178 3339 294 3394 omne
317 3312 525 3390 recaredium
551 3311 600 3391 ab
626 3329 705 3388 arte
726 3311 872 3392 medici
898 3315 1127 3418 petendum,
1159 3322 1211 3398 in-

175 3422 388 3518 tentabant,
419 3445 536 3519 mctu,
565 3422 759 3503 dimoveri
779 3421 973 3530 potuill'et,
991 3427 1078 3528 (illa
1093 3434 1205 3522 euim,

175 3539 322 3635 omnia,
355 3531 434 3615 imo
455 3534 562 3642 quod
577 3531 767 3616 difficilius
783 3557 876 3632 crat,
911 3539 1085 3638 consilia,
1122 3569 1200 3620 ren-

174 3649 362 3758 surasque,
375 3646 557 3727 nedicam
574 3644 891 3754 exprobrationes
908 3651 1126 3734 amicorum
1141 3651 1199 3761 ipri

175 3765 276 3842 r'uos
305 3760 500 3866 irnpaebns,
538 3761 645 3848 sorti,
683 3757 841 3852 excello,
875 3765 915 3841 8(
943 3763 1202 3870 imperterrito

171 3877 306 3956 arriuro
323 3869 549 3983 contempsit
563 3876 603 3954 8(
624 3870 837 3981 superavit)
857 3871 965 3955 causa
982 3879 1065 3956 lla-*e
1083 3878 1168 3959 luit.

1070 3993 1203 4097 Nuper
