<?xml version="1.0" encoding="UTF-8"?>
<!DOCTYPE html PUBLIC "-//W3C//DTD XHTML 1.0 Transitional//EN"
    "http://www.w3.org/TR/xhtml1/DTD/xhtml1-transitional.dtd">
<html xmlns="http://www.w3.org/1999/xhtml" xml:lang="en" lang="en">
 <head>
  <title>
</title>
<meta http-equiv="Content-Type" content="text/html;charset=utf-8" />
  <meta name='ocr-system' content='tesseract 3.04.00' />
  <meta name='ocr-capabilities' content='ocr_page ocr_carea ocr_par ocr_line ocrx_word'/>
</head>
<body>
  <div class='ocr_page' id='page_1' title='image "./rogeriaschamiep00sturgoog_0454.png"; bbox 0 0 2576 4464; ppageno 0'>
   <div class='ocr_carea' id='block_1_1' title="bbox 273 249 1094 374">
    <p class='ocr_par' dir='ltr' id='par_1_1' title="bbox 273 249 1094 374">
     <span class='ocr_line' id='line_1_1' title="bbox 273 249 1094 374; baseline 0.01 -40"><span class='ocrx_word' id='word_1_1' title='bbox 273 281 298 353; x_wconf 72' lang='lat'>2</span> <span class='ocrx_word' id='word_1_2' title='bbox 449 252 775 374; x_wconf 67' lang='lat' dir='ltr'>Irsrcruurr</span> <span class='ocrx_word' id='word_1_3' title='bbox 812 249 1094 344; x_wconf 71' lang='lat' dir='ltr'>Vmokurr</span> 
     </span>
    </p>
   </div>
   <div class='ocr_carea' id='block_1_2' title="bbox 271 417 1263 1085">
    <p class='ocr_par' dir='ltr' id='par_1_2' title="bbox 271 417 1263 1085">
     <span class='ocr_line' id='line_1_2' title="bbox 271 417 1263 540; baseline -0.004 -28"><span class='ocrx_word' id='word_1_4' title='bbox 271 424 441 540; x_wconf 82' lang='lat' dir='ltr'>negotio</span> <span class='ocrx_word' id='word_1_5' title='bbox 457 419 623 512; x_wconf 70' lang='lat' dir='ltr'>sentias,</span> <span class='ocrx_word' id='word_1_6' title='bbox 658 447 744 506; x_wconf 86' lang='lat' dir='ltr'>non</span> <span class='ocrx_word' id='word_1_7' title='bbox 770 417 1039 507; x_wconf 79' lang='lat' dir='ltr'>diffimulabis.</span> <span class='ocrx_word' id='word_1_8' title='bbox 1109 417 1263 508; x_wconf 75' lang='lat' dir='ltr'>Aversa·</span> 
     </span>
     <span class='ocr_line' id='line_1_3' title="bbox 272 557 1257 682; baseline -0.005 -36"><span class='ocrx_word' id='word_1_9' title='bbox 272 586 336 651; x_wconf 90' lang='lat' dir='ltr'>tus</span> <span class='ocrx_word' id='word_1_10' title='bbox 353 561 436 645; x_wconf 88' lang='lat' dir='ltr'>sum</span> <span class='ocrx_word' id='word_1_11' title='bbox 456 560 609 682; x_wconf 84' lang='lat' dir='ltr'>semper</span> <span class='ocrx_word' id='word_1_12' title='bbox 626 557 931 650; x_wconf 65' lang='lat' dir='ltr'>obtrectatores,</span> <span class='ocrx_word' id='word_1_13' title='bbox 967 567 1006 642; x_wconf 90' lang='lat'>&amp;</span> <span class='ocrx_word' id='word_1_14' title='bbox 1019 583 1091 642; x_wconf 87' lang='lat' dir='ltr'>cos</span> <span class='ocrx_word' id='word_1_15' title='bbox 1111 561 1180 669; x_wconf 83' lang='lat' dir='ltr'>qui</span> <span class='ocrx_word' id='word_1_16' title='bbox 1188 587 1257 642; x_wconf 82' lang='lat' dir='ltr'>ma·</span> 
     </span>
     <span class='ocr_line' id='line_1_4' title="bbox 271 691 1254 818; baseline -0.005 -34"><span class='ocrx_word' id='word_1_17' title='bbox 271 727 445 818; x_wconf 82' lang='lat' dir='ltr'>gnorum</span> <span class='ocrx_word' id='word_1_18' title='bbox 464 697 640 784; x_wconf 87' lang='lat' dir='ltr'>virorum</span> <span class='ocrx_word' id='word_1_19' title='bbox 661 691 776 784; x_wconf 67' lang='lat' dir='ltr'>fame</span> <span class='ocrx_word' id='word_1_20' title='bbox 793 693 1006 782; x_wconf 82' lang='lat' dir='ltr'>detrahunt</span> <span class='ocrx_word' id='word_1_21' title='bbox 1027 725 1036 776; x_wconf 93' lang='lat'>:</span> <span class='ocrx_word' id='word_1_22' title='bbox 1071 693 1143 780; x_wconf 88' lang='lat' dir='ltr'>sed</span> <span class='ocrx_word' id='word_1_23' title='bbox 1159 697 1254 806; x_wconf 66' lang='lat' dir='ltr'><strong>hujus</strong></span> 
     </span>
     <span class='ocr_line' id='line_1_5' title="bbox 272 831 1257 947; baseline -0.004 -26"><span class='ocrx_word' id='word_1_24' title='bbox 272 838 442 928; x_wconf 64' lang='lat' dir='ltr'>facium,</span> <span class='ocrx_word' id='word_1_25' title='bbox 479 833 656 947; x_wconf 89' lang='lat' dir='ltr'>quisquis</span> <span class='ocrx_word' id='word_1_26' title='bbox 684 831 772 928; x_wconf 85' lang='lat' dir='ltr'>est,</span> <span class='ocrx_word' id='word_1_27' title='bbox 813 831 1044 947; x_wconf 83' lang='lat' dir='ltr'>improbare</span> <span class='ocrx_word' id='word_1_28' title='bbox 1074 861 1161 920; x_wconf 89' lang='lat' dir='ltr'>non</span> <span class='ocrx_word' id='word_1_29' title='bbox 1183 831 1257 946; x_wconf 87' lang='lat' dir='ltr'>pol·</span> 
     </span>
     <span class='ocr_line' id='line_1_6' title="bbox 272 967 1261 1085; baseline -0.001 -28"><span class='ocrx_word' id='word_1_30' title='bbox 272 973 377 1069; x_wconf 87' lang='lat' dir='ltr'>sum,</span> <span class='ocrx_word' id='word_1_31' title='bbox 411 1001 501 1065; x_wconf 84' lang='lat' dir='ltr'>cum</span> <span class='ocrx_word' id='word_1_32' title='bbox 517 971 676 1085; x_wconf 84' lang='lat' dir='ltr'>publice</span> <span class='ocrx_word' id='word_1_33' title='bbox 693 970 879 1067; x_wconf 83' lang='lat' dir='ltr'>interfit,</span> <span class='ocrx_word' id='word_1_34' title='bbox 912 967 1164 1084; x_wconf 81' lang='lat' dir='ltr'>juventutem</span> <span class='ocrx_word' id='word_1_35' title='bbox 1188 999 1261 1056; x_wconf 90' lang='lat' dir='ltr'>mo-</span> 
     </span>
    </p>
   </div>
   <div class='ocr_carea' id='block_1_3' title="bbox 157 1109 1261 1206">
    <p class='ocr_par' dir='ltr' id='par_1_3' title="bbox 157 1109 1261 1206">
     <span class='ocr_line' id='line_1_7' title="bbox 157 1109 1261 1206; baseline -0.002 -11"><span class='ocrx_word' id='word_1_36' title='bbox 157 1185 165 1206; x_wconf 74' lang='lat'><strong>.</strong></span> <span class='ocrx_word' id='word_1_37' title='bbox 199 1131 204 1140; x_wconf 84' lang='lat'>·</span> <span class='ocrx_word' id='word_1_38' title='bbox 274 1112 382 1204; x_wconf 70' lang='lat' dir='ltr'>neri,</span> <span class='ocrx_word' id='word_1_39' title='bbox 416 1141 469 1198; x_wconf 89' lang='lat' dir='ltr'>ne</span> <span class='ocrx_word' id='word_1_40' title='bbox 486 1111 717 1196; x_wconf 71' lang='lat' dir='ltr'>austeritate</span> <span class='ocrx_word' id='word_1_41' title='bbox 734 1115 836 1196; x_wconf 89' lang='lat' dir='ltr'>tanti</span> <span class='ocrx_word' id='word_1_42' title='bbox 851 1109 1079 1197; x_wconf 85' lang='lat' dir='ltr'>virifucum</span> <span class='ocrx_word' id='word_1_43' title='bbox 1098 1109 1261 1195; x_wconf 85' lang='lat' dir='ltr'>fibiinre</span> 
     </span>
    </p>
   </div>
   <div class='ocr_carea' id='block_1_4' title="bbox 264 1243 1287 3566">
    <p class='ocr_par' dir='ltr' id='par_1_4' title="bbox 264 1243 1287 3566">
     <span class='ocr_line' id='line_1_8' title="bbox 273 1243 1261 1364; baseline -0.002 -32"><span class='ocrx_word' id='word_1_44' title='bbox 273 1248 435 1361; x_wconf 79' lang='lat' dir='ltr'>pietatis</span> <span class='ocrx_word' id='word_1_45' title='bbox 451 1249 537 1364; x_wconf 81' lang='lat' dir='ltr'>lieri</span> <span class='ocrx_word' id='word_1_46' title='bbox 552 1248 671 1343; x_wconf 79' lang='lat' dir='ltr'>linat,</span> <span class='ocrx_word' id='word_1_47' title='bbox 708 1256 747 1332; x_wconf 62' lang='grc' dir='ltr'>ὃς</span> <span class='ocrx_word' id='word_1_48' title='bbox 769 1247 818 1334; x_wconf 89' lang='lat' dir='ltr'>ad</span> <span class='ocrx_word' id='word_1_49' title='bbox 827 1247 943 1336; x_wconf 82' lang='lat' dir='ltr'>devia</span> <span class='ocrx_word' id='word_1_50' title='bbox 958 1243 1185 1334; x_wconf 79' lang='lat' dir='ltr'><strong>deducatur.</strong></span> <span class='ocrx_word' id='word_1_51' title='bbox 1216 1247 1261 1330; x_wconf 78' lang='lat' dir='ltr'>A·</span> 
     </span>
     <span class='ocr_line' id='line_1_9' title="bbox 273 1375 1262 1499; baseline 0 -29"><span class='ocrx_word' id='word_1_52' title='bbox 273 1413 352 1471; x_wconf 91' lang='lat' dir='ltr'>veo</span> <span class='ocrx_word' id='word_1_53' title='bbox 370 1387 490 1484; x_wconf 83' lang='lat' dir='ltr'>etiam</span> <span class='ocrx_word' id='word_1_54' title='bbox 510 1375 769 1499; x_wconf 55' lang='lat' dir='ltr'>cogssoscerffi</span> <span class='ocrx_word' id='word_1_55' title='bbox 806 1385 968 1498; x_wconf 87' lang='lat' dir='ltr'>quando</span> <span class='ocrx_word' id='word_1_56' title='bbox 994 1407 1152 1478; x_wconf 83' lang='lat' dir='ltr'>tuarum</span> <span class='ocrx_word' id='word_1_57' title='bbox 1169 1385 1262 1470; x_wconf 89' lang='lat' dir='ltr'>lucu·</span> 
     </span>
     <span class='ocr_line' id='line_1_10' title="bbox 274 1523 1262 1642; baseline -0.002 -33"><span class='ocrx_word' id='word_1_58' title='bbox 274 1523 501 1609; x_wconf 86' lang='lat' dir='ltr'>brationum</span> <span class='ocrx_word' id='word_1_59' title='bbox 528 1524 679 1642; x_wconf 86' lang='lat' dir='ltr'>aliquid</span> <span class='ocrx_word' id='word_1_60' title='bbox 704 1523 878 1610; x_wconf 81' lang='lat' dir='ltr'>habituri</span> <span class='ocrx_word' id='word_1_61' title='bbox 895 1524 1011 1609; x_wconf 84' lang='lat' dir='ltr'><strong>fimus</strong></span> <span class='ocrx_word' id='word_1_62' title='bbox 1023 1563 1037 1620; x_wconf 64' lang='grc' dir='ltr'><strong><em>ς</em></strong></span> <span class='ocrx_word' id='word_1_63' title='bbox 1079 1523 1262 1640; x_wconf 73' lang='lat' dir='ltr'>imprimis</span> 
     </span>
     <span class='ocr_line' id='line_1_11' title="bbox 274 1660 1260 1749; baseline 0.004 -8"><span class='ocrx_word' id='word_1_64' title='bbox 274 1679 416 1746; x_wconf 90' lang='lat' dir='ltr'>teneor</span> <span class='ocrx_word' id='word_1_65' title='bbox 434 1660 656 1746; x_wconf 89' lang='lat' dir='ltr'>incredibili</span> <span class='ocrx_word' id='word_1_66' title='bbox 685 1661 877 1749; x_wconf 85' lang='lat' dir='ltr'>defiderio</span> <span class='ocrx_word' id='word_1_67' title='bbox 912 1661 1086 1746; x_wconf 85' lang='lat' dir='ltr'>historiae</span> <span class='ocrx_word' id='word_1_68' title='bbox 1114 1683 1190 1746; x_wconf 84' lang='lat' dir='ltr'>tuae</span> <span class='ocrx_word' id='word_1_69' title='bbox 1212 1663 1260 1745; x_wconf 83' lang='lat' dir='ltr'>vi·</span> 
     </span>
     <span class='ocr_line' id='line_1_12' title="bbox 273 1783 1261 1918; baseline 0.009 -38"><span class='ocrx_word' id='word_1_70' title='bbox 273 1795 435 1895; x_wconf 82' lang='lat' dir='ltr'>dendae,</span> <span class='ocrx_word' id='word_1_71' title='bbox 469 1799 519 1885; x_wconf 91' lang='lat' dir='ltr'>de</span> <span class='ocrx_word' id='word_1_72' title='bbox 533 1827 610 1910; x_wconf 88' lang='lat' dir='ltr'>qua</span> <span class='ocrx_word' id='word_1_73' title='bbox 625 1783 725 1884; x_wconf 83' lang='lat' dir='ltr'>milri</span> <span class='ocrx_word' id='word_1_74' title='bbox 741 1801 850 1913; x_wconf 91' lang='lat' dir='ltr'>spem</span> <span class='ocrx_word' id='word_1_75' title='bbox 875 1799 1027 1918; x_wconf 76' lang='lat' dir='ltr'>fecisti;</span> <span class='ocrx_word' id='word_1_76' title='bbox 1065 1799 1196 1910; x_wconf 87' lang='lat' dir='ltr'>quaeso</span> <span class='ocrx_word' id='word_1_77' title='bbox 1212 1822 1261 1889; x_wconf 70' lang='lat' dir='ltr'>tc,</span> 
     </span>
     <span class='ocr_line' id='line_1_13' title="bbox 273 1924 1260 2052; baseline 0 -34"><span class='ocrx_word' id='word_1_78' title='bbox 273 1963 371 2048; x_wconf 84' lang='lat' dir='ltr'>urge</span> <span class='ocrx_word' id='word_1_79' title='bbox 387 1965 519 2050; x_wconf 90' lang='lat' dir='ltr'>opus,</span> <span class='ocrx_word' id='word_1_80' title='bbox 563 1964 636 2030; x_wconf 81' lang='lat' dir='ltr'>nec</span> <span class='ocrx_word' id='word_1_81' title='bbox 666 1924 801 2049; x_wconf 82' lang='lat' dir='ltr'>patere</span> <span class='ocrx_word' id='word_1_82' title='bbox 829 1962 868 2024; x_wconf 88' lang='lat' dir='ltr'>te</span> <span class='ocrx_word' id='word_1_83' title='bbox 883 1939 969 2022; x_wconf 81' lang='lat' dir='ltr'>aliis</span> <span class='ocrx_word' id='word_1_84' title='bbox 987 1940 1165 2052; x_wconf 85' lang='lat' dir='ltr'>negotiis</span> <span class='ocrx_word' id='word_1_85' title='bbox 1182 1966 1260 2022; x_wconf 73' lang='lat' dir='ltr'>ave</span> 
     </span>
     <span class='ocr_line' id='line_1_14' title="bbox 264 2073 1260 2164; baseline 0.001 -8"><span class='ocrx_word' id='word_1_86' title='bbox 264 2074 376 2163; x_wconf 74' lang='lat' dir='ltr'>cari,</span> <span class='ocrx_word' id='word_1_87' title='bbox 411 2103 496 2160; x_wconf 88' lang='lat' dir='ltr'>non</span> <span class='ocrx_word' id='word_1_88' title='bbox 519 2073 596 2162; x_wconf 71' lang='lat' dir='ltr'>alia</span> <span class='ocrx_word' id='word_1_89' title='bbox 618 2104 661 2164; x_wconf 88' lang='lat' dir='ltr'>re</span> <span class='ocrx_word' id='word_1_90' title='bbox 682 2077 859 2162; x_wconf 83' lang='lat' dir='ltr'>nominis</span> <span class='ocrx_word' id='word_1_91' title='bbox 876 2077 932 2160; x_wconf 87' lang='lat' dir='ltr'>tui</span> <span class='ocrx_word' id='word_1_92' title='bbox 947 2075 1160 2163; x_wconf 79' lang='lat' dir='ltr'>:eternitati</span> <span class='ocrx_word' id='word_1_93' title='bbox 1192 2099 1260 2157; x_wconf 83' lang='lat' dir='ltr'>me·</span> 
     </span>
     <span class='ocr_line' id='line_1_15' title="bbox 272 2211 1287 2332; baseline -0.001 -37"><span class='ocrx_word' id='word_1_94' title='bbox 272 2212 349 2295; x_wconf 90' lang='lat' dir='ltr'>lius</span> <span class='ocrx_word' id='word_1_95' title='bbox 364 2213 602 2300; x_wconf 86' lang='lat' dir='ltr'>consulueris</span> <span class='ocrx_word' id='word_1_96' title='bbox 617 2221 657 2295; x_wconf 91' lang='lat'>&amp;</span> <span class='ocrx_word' id='word_1_97' title='bbox 670 2212 720 2296; x_wconf 91' lang='lat' dir='ltr'>de</span> <span class='ocrx_word' id='word_1_98' title='bbox 739 2235 851 2298; x_wconf 86' lang='lat' dir='ltr'>aetate</span> <span class='ocrx_word' id='word_1_99' title='bbox 864 2214 997 2300; x_wconf 83' lang='lat' dir='ltr'>nostra</span> <span class='ocrx_word' id='word_1_100' title='bbox 1008 2241 1053 2297; x_wconf 86' lang='lat' dir='ltr'>ac</span> <span class='ocrx_word' id='word_1_101' title='bbox 1068 2211 1259 2326; x_wconf 84' lang='lat' dir='ltr'>posterita·</span> <span class='ocrx_word' id='word_1_102' title='bbox 1285 2247 1287 2332; x_wconf 40' lang='grc' dir='ltr'>ξ</span> 
     </span>
     <span class='ocr_line' id='line_1_16' title="bbox 273 2348 1260 2464; baseline 0.001 -33"><span class='ocrx_word' id='word_1_103' title='bbox 273 2369 315 2431; x_wconf 89' lang='lat' dir='ltr'>te</span> <span class='ocrx_word' id='word_1_104' title='bbox 332 2349 472 2433; x_wconf 88' lang='lat' dir='ltr'>melius</span> <span class='ocrx_word' id='word_1_105' title='bbox 486 2353 681 2446; x_wconf 77' lang='lat' dir='ltr'>merueris.</span> <span class='ocrx_word' id='word_1_106' title='bbox 720 2350 895 2460; x_wconf 83' lang='lat' dir='ltr'>Qoties</span> <span class='ocrx_word' id='word_1_107' title='bbox 909 2348 1260 2464; x_wconf 77' lang='lat' dir='ltr'>autemdeparalle</span> 
     </span>
     <span class='ocr_line' id='line_1_17' title="bbox 273 2482 1287 2612; baseline -0.001 -44"><span class='ocrx_word' id='word_1_108' title='bbox 273 2484 323 2570; x_wconf 91' lang='lat' dir='ltr'>lis</span> <span class='ocrx_word' id='word_1_109' title='bbox 335 2487 412 2570; x_wconf 88' lang='lat' dir='ltr'>tuis</span> <span class='ocrx_word' id='word_1_110' title='bbox 428 2487 589 2603; x_wconf 85' lang='lat' dir='ltr'>cogito,</span> <span class='ocrx_word' id='word_1_111' title='bbox 625 2488 817 2600; x_wconf 85' lang='lat' dir='ltr'>indignor</span> <span class='ocrx_word' id='word_1_112' title='bbox 833 2488 1022 2574; x_wconf 83' lang='lat' dir='ltr'>socordiae</span> <span class='ocrx_word' id='word_1_113' title='bbox 1041 2517 1163 2582; x_wconf 67' lang='lat' dir='ltr'>meac,</span> <span class='ocrx_word' id='word_1_114' title='bbox 1202 2482 1260 2597; x_wconf 87' lang='lat' dir='ltr'>qui</span> <span class='ocrx_word' id='word_1_115' title='bbox 1285 2577 1287 2612; x_wconf 39' lang='lat'>⁵</span> 
     </span>
     <span class='ocr_line' id='line_1_18' title="bbox 273 2624 1286 2720; baseline 0.003 -16"><span class='ocrx_word' id='word_1_116' title='bbox 273 2652 381 2718; x_wconf 85' lang='lat' dir='ltr'>non,</span> <span class='ocrx_word' id='word_1_117' title='bbox 416 2652 504 2708; x_wconf 92' lang='lat' dir='ltr'>cum</span> <span class='ocrx_word' id='word_1_118' title='bbox 529 2624 604 2708; x_wconf 89' lang='lat' dir='ltr'>frui</span> <span class='ocrx_word' id='word_1_119' title='bbox 637 2625 721 2710; x_wconf 89' lang='lat' dir='ltr'>istis</span> <span class='ocrx_word' id='word_1_120' title='bbox 750 2625 902 2711; x_wconf 88' lang='lat' dir='ltr'>deliciis</span> <span class='ocrx_word' id='word_1_121' title='bbox 921 2627 1057 2712; x_wconf 86' lang='lat' dir='ltr'>datum</span> <span class='ocrx_word' id='word_1_122' title='bbox 1075 2628 1163 2720; x_wconf 86' lang='lat' dir='ltr'>est,</span> <span class='ocrx_word' id='word_1_123' title='bbox 1198 2625 1286 2707; x_wconf 71' lang='lat' dir='ltr'>mi*</span> 
     </span>
     <span class='ocr_line' id='line_1_19' title="bbox 273 2759 1258 2874; baseline 0 -30"><span class='ocrx_word' id='word_1_124' title='bbox 273 2761 319 2844; x_wconf 91' lang='lat' dir='ltr'>hi</span> <span class='ocrx_word' id='word_1_125' title='bbox 336 2760 475 2847; x_wconf 86' lang='lat' dir='ltr'>melius</span> <span class='ocrx_word' id='word_1_126' title='bbox 490 2763 770 2874; x_wconf 87' lang='lat' dir='ltr'>prospexerim.</span> <span class='ocrx_word' id='word_1_127' title='bbox 825 2764 889 2849; x_wconf 90' lang='lat' dir='ltr'>Ad</span> <span class='ocrx_word' id='word_1_128' title='bbox 906 2765 1097 2850; x_wconf 89' lang='lat' dir='ltr'>nuncium</span> <span class='ocrx_word' id='word_1_129' title='bbox 1115 2761 1167 2847; x_wconf 91' lang='lat' dir='ltr'>de</span> <span class='ocrx_word' id='word_1_130' title='bbox 1182 2759 1258 2844; x_wconf 75' lang='lat' dir='ltr'>Nc</span> 
     </span>
     <span class='ocr_line' id='line_1_20' title="bbox 273 2895 1258 3015; baseline 0 -35"><span class='ocrx_word' id='word_1_131' title='bbox 273 2899 447 2991; x_wconf 85' lang='lat' dir='ltr'>biliffimi</span> <span class='ocrx_word' id='word_1_132' title='bbox 472 2901 615 2983; x_wconf 82' lang='lat' dir='ltr'>Dousae</span> <span class='ocrx_word' id='word_1_133' title='bbox 636 2905 650 2950; x_wconf 90' lang='lat'><strong>¹</strong></span> <span class='ocrx_word' id='word_1_134' title='bbox 675 2901 789 2984; x_wconf 86' lang='lat' dir='ltr'>obitu</span> <span class='ocrx_word' id='word_1_135' title='bbox 818 2904 1026 3015; x_wconf 82' lang='lat' dir='ltr'>ingemui,</span> <span class='ocrx_word' id='word_1_136' title='bbox 1079 2899 1166 3009; x_wconf 78' lang='lat' dir='ltr'>ejus</span> <span class='ocrx_word' id='word_1_137' title='bbox 1196 2895 1258 2980; x_wconf 81' lang='lat' dir='ltr'>viri</span> 
     </span>
     <span class='ocr_line' id='line_1_21' title="bbox 273 3033 1258 3147; baseline 0.001 -29"><span class='ocrx_word' id='word_1_138' title='bbox 273 3059 460 3147; x_wconf 86' lang='lat' dir='ltr'>expertus</span> <span class='ocrx_word' id='word_1_139' title='bbox 479 3035 747 3123; x_wconf 85' lang='lat' dir='ltr'>incredibilem</span> <span class='ocrx_word' id='word_1_140' title='bbox 776 3038 1098 3129; x_wconf 80' lang='lat' dir='ltr'>humanitatem,</span> <span class='ocrx_word' id='word_1_141' title='bbox 1141 3044 1184 3122; x_wconf 70' lang='grc' dir='ltr'>ἃ</span> <span class='ocrx_word' id='word_1_142' title='bbox 1199 3033 1258 3119; x_wconf 87' lang='lat' dir='ltr'>do·</span> 
     </span>
     <span class='ocr_line' id='line_1_22' title="bbox 274 3167 1257 3262; baseline -0.003 -6"><span class='ocrx_word' id='word_1_143' title='bbox 274 3175 410 3257; x_wconf 64' lang='lat' dir='ltr'>ilrinae</span> <span class='ocrx_word' id='word_1_144' title='bbox 428 3177 641 3260; x_wconf 83' lang='lat' dir='ltr'>reconditae</span> <span class='ocrx_word' id='word_1_145' title='bbox 658 3173 878 3261; x_wconf 85' lang='lat' dir='ltr'>thesauros:</span> <span class='ocrx_word' id='word_1_146' title='bbox 913 3177 987 3262; x_wconf 90' lang='lat' dir='ltr'>tibi</span> <span class='ocrx_word' id='word_1_147' title='bbox 1011 3175 1182 3260; x_wconf 81' lang='lat' dir='ltr'>amicum</span> <span class='ocrx_word' id='word_1_148' title='bbox 1202 3167 1257 3258; x_wconf 84' lang='lat' dir='ltr'>ad·</span> 
     </span>
     <span class='ocr_line' id='line_1_23' title="bbox 273 3310 1257 3420; baseline -0.002 -26"><span class='ocrx_word' id='word_1_149' title='bbox 273 3332 452 3420; x_wconf 86' lang='lat' dir='ltr'>emptum</span> <span class='ocrx_word' id='word_1_150' title='bbox 475 3312 625 3405; x_wconf 84' lang='lat' dir='ltr'>doleo,</span> <span class='ocrx_word' id='word_1_151' title='bbox 668 3312 734 3398; x_wconf 92' lang='lat' dir='ltr'>sed</span> <span class='ocrx_word' id='word_1_152' title='bbox 764 3317 846 3399; x_wconf 81' lang='lat' dir='ltr'>haec</span> <span class='ocrx_word' id='word_1_153' title='bbox 871 3317 935 3400; x_wconf 85' lang='lat' dir='ltr'>lex</span> <span class='ocrx_word' id='word_1_154' title='bbox 958 3334 1130 3406; x_wconf 86' lang='lat' dir='ltr'>naturae,</span> <span class='ocrx_word' id='word_1_155' title='bbox 1165 3310 1257 3420; x_wconf 80' lang='lat' dir='ltr'>cujus</span> 
     </span>
     <span class='ocr_line' id='line_1_24' title="bbox 275 3449 1257 3566; baseline -0.002 -34"><span class='ocrx_word' id='word_1_156' title='bbox 275 3470 319 3533; x_wconf 89' lang='lat' dir='ltr'>tu</span> <span class='ocrx_word' id='word_1_157' title='bbox 333 3477 516 3544; x_wconf 85' lang='lat' dir='ltr'>memor,</span> <span class='ocrx_word' id='word_1_158' title='bbox 550 3481 647 3566; x_wconf 86' lang='lat' dir='ltr'>urge</span> <span class='ocrx_word' id='word_1_159' title='bbox 664 3473 795 3564; x_wconf 85' lang='lat' dir='ltr'>coepta</span> <span class='ocrx_word' id='word_1_160' title='bbox 812 3505 825 3546; x_wconf 86' lang='lat'>‚</span> <span class='ocrx_word' id='word_1_161' title='bbox 868 3463 909 3536; x_wconf 69' lang='grc' dir='ltr'>ὃ(</span> <span class='ocrx_word' id='word_1_162' title='bbox 931 3449 981 3535; x_wconf 90' lang='lat' dir='ltr'>de</span> <span class='ocrx_word' id='word_1_163' title='bbox 1004 3451 1206 3564; x_wconf 80' lang='lat' dir='ltr'>republica</span> <span class='ocrx_word' id='word_1_164' title='bbox 1222 3471 1257 3530; x_wconf 81' lang='lat' dir='ltr'>ac</span> 
     </span>
    </p>
   </div>
   <div class='ocr_carea' id='block_1_5' title="bbox 276 3585 1257 3812">
    <p class='ocr_par' dir='ltr' id='par_1_5' title="bbox 276 3585 1257 3812">
     <span class='ocr_line' id='line_1_25' title="bbox 276 3585 1257 3706; baseline -0.004 -35"><span class='ocrx_word' id='word_1_165' title='bbox 276 3589 393 3674; x_wconf 86' lang='lat' dir='ltr'>bonis</span> <span class='ocrx_word' id='word_1_166' title='bbox 415 3585 557 3675; x_wconf 86' lang='lat' dir='ltr'>litteris·</span> <span class='ocrx_word' id='word_1_167' title='bbox 588 3593 689 3678; x_wconf 88' lang='lat' dir='ltr'>bene</span> <span class='ocrx_word' id='word_1_168' title='bbox 715 3595 856 3680; x_wconf 85' lang='lat' dir='ltr'>mereri</span> <span class='ocrx_word' id='word_1_169' title='bbox 875 3618 1009 3706; x_wconf 83' lang='lat' dir='ltr'>perge.</span> <span class='ocrx_word' id='word_1_170' title='bbox 1078 3590 1257 3678; x_wconf 79' lang='lat' dir='ltr'>Thuarur</span> 
     </span>
     <span class='ocr_line' id='line_1_26' title="bbox 1154 3719 1256 3812; baseline -0.137 0"><span class='ocrx_word' id='word_1_171' title='bbox 1154 3719 1256 3812; x_wconf 85' lang='lat' dir='ltr'>nobis</span> 
     </span>
    </p>
   </div>
   <div class='ocr_carea' id='block_1_6' title="bbox 0 0 1292 4464">
    <p class='ocr_par' dir='ltr' id='par_1_6' title="bbox 0 0 1292 4464">
     <span class='ocr_line' id='line_1_27' title="bbox 0 0 1292 4464; baseline 0 0"><span class='ocrx_word' id='word_1_172' title='bbox 0 0 1292 4464; x_wconf 95' lang='lat' dir='ltr'> </span> 
     </span>
    </p>
   </div>
  </div>
 </body>
</html>
