2644 4466
276 229 328 321 4⁶
348 219 538 314 1ΕΡΙὸΤ.
561 213 685 295 FAM.
714 215 785 296 Al>
805 217 836 314 J.
856 215 1174 294 STURMIUM.

274 343 353 410 istut
363 341 434 407 ilios
446 339 548 400 aemil
567 339 655 401 Potes
667 339 701 402 in
711 335 868 417 Nldnfiune
880 351 924 398 tur
933 334 1058 415 somme,
1070 349 1139 422 apto
1148 341 1254 423 aliquo

275 426 354 495 luto,
373 422 422 482 tel
442 420 536 481 tribus
557 417 666 490 verbis,
685 417 716 478 δι
738 417 825 478 illius.
842 416 970 479 refutate
991 417 1190 496 insolentium,
1218 422 1260 508 δεΙ

277 517 379 562 meum
390 515 514 577 purgare
525 495 688 568 consilium,
706 510 776 555 cum
788 511 917 574 egnum
929 513 966 556 eo
979 497 1079 556 trumo
1088 499 1255 576 quiequam

275 575 384 658 scripsi,
394 592 431 638 ut
448 575 566 655 publice
584 574 780 634 convellerem
792 579 917 633 Rumam.
951 573 1005 636 Sin
1017 575 1111 652 magis
1122 577 1258 658 placebit

277 657 335 718 tibi
345 653 537 738 lilentium,85
546 651 579 712 id
587 669 716 731 quoque,
732 651 766 712 in
776 652 879 732 primis
890 652 989 732 placet
997 649 1082 714 mihi.
1095 653 1258 731 preteribo

277 751 349 813 argo
360 729 474 794 silentio
484 730 683 810 lroetempore
695 729 776 790 hunc
787 729 960 804 sermonem,
979 730 1009 792 δι
1022 731 1146 793 referam
1157 734 1258 794 mein

278 813 291 826 '
311 807 510 872 eundiffunam
531 810 612 888 illam
634 807 866 888 cogitationem,
917 827 986 869 uam
1008 809 1104 871 indies
1125 809 1258 893 usurpo,

274 831 379 966 egent
389 905 476 950 tuum
488 887 676 974 Nidrufianm
687 884 859 948 sermonem.
897 827 956 946 §ed
968 903 1038 948 ecce
1049 887 1107 948 illae
1120 888 1189 970 ipsae
1203 909 1259 949 co-

277 969 437 1048 gitationes
459 963 636 1025 verecundia
647 960 769 1044 punse
784 961 961 1026 recondunt
984 962 1013 1023 se
1025 965 1134 1028 iterum
1147 967 1177 1028 δι
1198 985 1258 1046 pu-

277 1045 382 1108 denter
406 1055 494 1105 tuum
515 1059 656 1104 verentur
674 1041 870 1122 conspertum.
900 1058 929 1103 at
954 1039 1040 1134 stulte
1062 1043 1193 1121 quidem
1210 1044 1260 1104 fa.

278 1127 464 1196 timaeum
487 1123 514 1183 ir
526 1121 560 1182 lit
571 1119 669 1180 noller
692 1121 771 1182 inter
791 1136 850 1182 nor
869 1137 958 1193 amor,
981 1139 1034 1198 qur
1053 1141 1109 1182 nee
1133 1119 1260 1184 insidiet

172 1243 176 1256 .
277 1201 454 1262 adulationis
466 1217 536 1260 tum
548 1199 714 1280 suspicione
733 1199 851 1272 metuit,
869 1218 925 1259 nee
938 1214 1064 1278 apertam
1078 1200 1109 1262 δι
1127 1201 1261 1262 liberam

279 1281 455 1352 veritatem,
483 1293 603 1356 propter
628 1275 785 1349 nrborenr,
813 1277 937 1358 repellit.
978 1276 1133 1349 Ceterum,
1160 1297 1260 1356 qum.
1315 1349 1319 1358 ⁸

280 1373 369 1436 quam
385 1358 513 1436 eupiunt
529 1351 650 1432 quidem
666 1352 763 1425 educi,
781 1369 878 1414 tamen
897 1375 959 1414 non
981 1353 1098 1434 pellunt
1114 1353 1175 1416 istae
1203 1377 1261 1417 eo-

279 1436 438 1514 gitationer
456 1453 547 1499 mea:
566 1431 616 1492 secl
639 1431 697 1491 alio
714 1448 845 1508 tempore
863 1433 893 1493 δι
911 1434 978 1494 loco
997 1432 1026 1492 se
1050 1432 1106 1494 hoc
1128 1432 1260 1496 salerne

277 1517 339 1574 reei
363 1515 438 1574 'unt
475 1511 598 1571 interim
619 1509 693 1588 saepe
715 1528 833 1570 mecum
855 1509 1001 1571 mirantur
1012 1511 1102 1590 ipsam
1113 1511 1183 1572 libri
1209 1515 1260 1573 in·

278 1610 330 1674 gre
363 1605 448 1651 onem
465 1605 526 1650 tam
538 1585 688 1668 expetiato
699 1583 871 1660 institutam,
888 1603 955 1648 tum
968 1587 1111 1650 attelium
1122 1589 1159 1649 ad
1172 1590 1261 1651 ctus·

277 1671 339 1731 sam
350 1687 410 1729 tam
421 1681 535 1727 mnture
547 1667 597 1726 ebs
616 1681 645 1726 te
657 1663 775 1726 fretum.
814 1666 934 1727 idoneas
953 1666 1095 1744 personas,
1114 1669 1260 1751 sapidum,

279 1763 316 1808 nt
336 1745 473 1822 suscipiat
494 1741 608 1805 causam
630 1759 749 1816 natum,
768 1744 837 1820 quia
857 1741 1003 1823 poetaest,
1022 1761 1058 1805 ut
1070 1743 1261 1808 difficiliores

277 1840 425 1903 proponat
436 1820 573 1882 dostrinae
586 1818 767 1898 questiones,
786 1822 854 1898 quia
868 1821 898 1882 δε
939 1821 1057 1885 ravis&
1068 1824 1262 1899 pereruditus

279 1899 331 1962 est.
359 1905 473 1959 Verrem
489 1896 601 1976 fratres,
619 1897 786 1978 &cupidos
807 1842 957 1973 audienii,
976 1919 1095 1981 propter
1112 1900 1260 1978 studium,

280 1980 312 2040 &
326 1975 506 2038 verecundos
519 1976 553 2036 ad
567 1978 677 2037 interro
712 1975 814 2050 ndum,
835 1993 955 2056 propter
969 1997 1090 2040 atatem.
1130 1979 1261 2057 Quibus

281 2075 388 2134 unguo
401 2055 516 2131 judicio
535 2054 583 2114 abs
596 2069 626 2114 te
638 2057 676 2115 tri
698 2055 781 2114 uitur
796 2054 953 2116 verborum
973 2057 1138 2136 explicatio.
1179 2058 1262 2134 Quo

280 2137 316 2196 in
341 2132 441 2194 lotoli
468 2149 523 2209 ego
546 2134 579 2192 in
588 2133 805 2212 Nidrufianutua
824 2129 986 2196 interessem
1010 2133 1105 2196 vestro
1116 2133 1262 2212 sermoni,

281 2209 420 2272 nonnihil
445 2210 575 2283 juvarem
599 2211 718 2271 illorum
743 2210 893 2288 pudorem.
923 2233 991 2272 nam
1016 2214 1098 2292 plura
1122 2213 1160 2273 de
1184 2231 1263 2286 conf

281 2288 433 2366 junliione
445 2288 606 2366 utriusquae
618 2289 726 2366 lingue
739 2287 788 2349 abs
807 2305 837 2348 te
848 2289 961 2352 summo
975 2293 1006 2350 in
1019 2308 1142 2369 utmque
1153 2293 1263 2371 lingua

283 2366 404 2437 artifice,
422 2363 582 2426 sciscitarer
588 2383 723 2504 sspropter
740 2383 835 2426 meam
858 2369 1047 2446 imperitiam,
1067 2370 1097 2431 δι
1116 2369 1265 2448 frequen·

283 2445 344 2505 tius
354 2461 384 2505 te
397 2445 437 2504 ob
449 2463 511 2502 eam
534 2464 585 2503 cau
610 2465 654 2504 am
669 2443 901 2520 interturbamur,
919 2463 1040 2526 propter
1051 2465 1146 2507 metm
1158 2449 1265 2530 impu-

283 2523 421 2583 dentiam.
459 2521 497 2582 Et
521 2522 574 2581 nili
598 2523 759 2600 plurimum
785 2541 908 2586 amarem
933 2527 1173 2600 nubileerms,
1206 2547 1265 2606 op.

282 2618 442 2670 emmens,
460 2596 531 2659 istos
554 2619 632 2661 certe
650 2620 758 2671 novem
780 2599 852 2672 dies,
874 2601 912 2661 ob
936 2621 998 2662 eam
1012 2603 1101 2681 ipsam
1115 2623 1187 2678 rem,
1209 2621 1266 2667 aut

283 2680 383 2738 minus
398 2676 539 2750 eruditos,
557 2694 608 2738 aut
618 2679 710 2754 magis
724 2677 905 2756 impudentes
917 2678 1045 2741 existere.
1085 2681 1188 2758 Atque
1203 2681 1266 2744 hoe

285 2758 363 2827 loto,
382 2758 424 2814 mi
434 2762 528 2829 optime
540 2761 650 2828 stimi,
668 2754 779 2815 videris
792 2754 865 2815 mihi
877 2757 1005 2818 suaviter
1014 2757 1148 2828 irridere,
1157 2756 1266 2823 stultas

284 2831 352 2893 istas
364 2852 443 2891 meas
456 2833 483 2891 δι
503 2833 601 2893 inanes
615 2834 825 2907 cogitationes:
848 2833 897 2893 sed
909 2855 956 2895 me
969 2853 1019 2896 aut
1032 2835 1153 2896 stultum
1169 2837 1265 2912 ferre,

284 2925 335 2970 aut
347 2911 474 2969 amicum
486 2930 545 2968 non
560 2930 634 2984 agno
649 2931 713 2970 cere
727 2909 822 2970 debes.
854 2911 945 2971 Cerasr
958 2931 1015 2974 tute
1030 2931 1267 2994 anteponuntur,

285 3007 352 3048 meo
375 2987 504 3063 juditio,
524 2989 638 3062 platano
656 2992 742 3064 Craffl,
762 2990 830 3063 quia
854 2991 980 3052 inritatio
1003 2994 1053 3052 illa
1075 2995 1108 3052 in
1129 2997 1268 3070 cicerone,

285 3085 349 3125 mea
375 3065 525 3142 opinione,
546 3065 692 3126 nonsatis
716 3069 834 3142 tegitur.
856 3067 884 3128 &
904 3068 962 3143 hie,
981 3070 1078 3143 cred0,
1097 3087 1145 3129 me
1155 3077 1269 3130 Remus

285 3141 423 3212 laudaret,
444 3144 512 3218 quia
534 3143 644 3218 aliquid
669 3146 827 3202 increerane
847 3164 946 3207 notare
972 3147 1075 3207 audeo.
1108 3145 1195 3224 Jure,
1218 3153 1267 3211 mi

287 3223 397 3292 sturmi,
417 3219 548 3298 reiieque
574 3221 759 3296 reprehendis
773 3222 948 3298 Tlrerlagrrum
973 3243 1109 3296 errorem,
1129 3228 1267 3301 quinon

286 3299 430 3375 explicant
444 3316 535 3374 partes
548 3300 713 3371 concionis,
733 3319 796 3378 quae
816 3303 850 3359 ab
865 3304 922 3364 illis
945 3301 1104 3361 distributoe
1118 3301 1181 3362 lint.
1227 3309 1268 3368 Et

286 3393 450 3452 quanquam
473 3392 503 3433 te
529 3377 654 3435 maxime
675 3378 783 3438 hortari
808 3381 906 3456 cupio,
926 3399 961 3439 ut
982 3379 1034 3440 hot
1047 3399 1153 3439 novem
1166 3379 1267 3448 libros

286 3471 372 3528 quam
386 3453 535 3512 celerrime
546 3453 679 3529 perficias
690 3483 698 3526 3
709 3458 778 3530 quia
788 3473 883 3515 tamen
894 3460 992 3517 minus
1001 3459 1100 3517 tribuo
1110 3477 1178 3517 meo
1187 3459 1269 3522 defi·

287 3531 379 3602 derio,
398 3547 484 3606 quam
495 3547 552 3588 tuae
563 3533 651 3604 laudi,
670 3550 734 3608 qun.
748 3535 875 3611 parietur
888 3537 941 3593 tibi
957 3538 1128 3596 immortalis
1139 3555 1175 3595 ex
1187 3557 1268 3600 con·

287 3609 413 3668 serlione
435 3607 539 3667 horum
551 3611 717 3681 librorum
731 3629 879 3688 propterea
893 3630 922 3670 te
936 3615 1033 3689 potius
1046 3631 1189 3673 maturare
1199 3614 1265 3678 lroe

289 3705 372 3765 opus,
392 3704 479 3764 quam
491 3705 641 3767 properare
661 3690 823 3752 ullomodo
843 3693 940 3772 cupio.
961 3691 997 3754 sle
1017 3707 1123 3764 tamen,
1142 3709 1179 3830 pt
1202 3693 1266 3756 hoc

1160 3790 1266 3850 emper
