2612 4450
148 204 213 299 D.
241 201 296 296 K.
324 183 886 296 HUNTINGTONI.
955 209 1079 304 xxvii

57 363 273 476 Episcopus
293 357 537 462 Oxonienfis,
557 359 609 445 ab
625 355 872 442 illustrissimo
886 359 1078 476 Principe,

54 473 210 583 Jacobo
224 481 334 559 Duce
349 473 584 571 Onnondiae‚
619 469 811 556 Hiberniae
824 473 1003 589 Protege,
1028 475 1079 562 ad

55 615 178 697 quern
189 613 277 672 cura
294 588 395 670 illius
412 585 636 687 Academiae,
663 586 769 695 cujus
785 605 867 668 etat
882 587 1080 674 Cancella·

56 703 152 800 rius,
181 695 615 796 utietiamoxonienfis‚
640 698 720 807 jure
735 691 937 806 speltabat,
957 718 1081 811 utpar

58 813 290 911 esleredere,
319 807 523 912 consultus,
557 813 608 890 D.
629 808 944 916 Huntingtonum
970 840 1082 898 accu-

60 925 218 1008 mulatis
252 925 389 1035 elogiis
424 917 733 1019 commendavit,
785 917 963 1006 omnibus
997 927 1083 1011 aliis

65 1035 308 1135 candidatis,
347 1032 373 1115 st
398 1030 620 1146 quiessent,
652 1030 768 1142 longb
789 1031 1081 1224 praeserendum.

66 1149 142 1234 Hic
158 1147 262 1248 verb,
288 1144 402 1258 qudtn
421 1144 586 1255 primum
602 1143 786 1227 detestati
819 1171 892 1229 ima
910 1151 960 1228 D.
978 1152 1084 1252 Felli,

66 1261 135 1372 qui
157 1263 320 1344 multum
348 1259 422 1342 hac
445 1284 491 1339 ex
519 1273 625 1367 parte
649 1255 753 1367 apud
774 1255 1086 1342 consummatissi-

66 1398 177 1456 mum
197 1372 305 1454 illum
323 1375 448 1452 Heroa
463 1371 605 1478 potuit,
630 1365 898 1452 benevolentia
914 1368 1083 1481 ipsrcon·

67 1480 229 1579 stitillet,
254 1507 353 1566 onus
365 1481 473 1579 istud,
504 1481 590 1563 licet
606 1499 717 1562 tanto
732 1505 818 1561 cum
834 1482 1086 1568 honorccon·

68 1595 255 1708 junslum,
280 1589 508 1678 aversrffimo
527 1594 660 1674 animo
677 1591 801 1701 primb
819 1589 978 1694 recusat,
1008 1596 1086 1680 &al

66 1709 105 1792 se
122 1705 282 1805 obnixe,
319 1706 587 1812 deprecatione
618 1704 849 1813 interposita,
879 1697 1086 1791 amolitur:

71 1821 138 1902 sed
158 1819 315 1902 tandem
337 1819 437 1900 illius
460 1813 632 1925 precibus
657 1814 877 1908 &consiliis
896 1845 1090 1931 expugna-

65 1926 280 2030 ·tus,ccll1t,
314 1929 599 2040 planbinvit'us.
655 1935 701 2010 ln
716 1926 844 2010 causas
861 1931 972 2039 liujus
983 1959 1091 2014 aver-

76 2043 189 2125 sionis
206 2069 285 2124 non
304 2039 491 2123 curiosius
509 2040 700 2150 inquiram
720 2067 730 2118 ε
757 2036 916 2150 quisque
935 2039 1004 2126 suo
1022 2045 1092 2126 du-

77 2159 173 2238 citur
193 2173 300 2251 voto,
321 2157 361 2234 8<
377 2148 645 2263 iniquissimum
661 2151 731 2232 erit
750 2152 789 2232 in
808 2155 968 2236 aliorum
983 2153 1093 2239 abdi-

76 2289 135 2352 tas
166 2267 436 2374 cogitationes,
477 2260 504 2342 si
538 2263 672 2346 nostris
701 2290 781 2344 non
809 2289 982 2376 congrua
1011 2268 1094 2366 sint,

76 2380 189 2490 gravi
207 2375 359 2458 censura
378 2377 522 2457 invehi.
581 2380 666 2455 Hoc
686 2375 835 2457 tantbm
855 2403 1093 2485 compertum

79 2489 225 2587 habeo,
260 2491 369 2569 illum
382 2486 428 2568 de
448 2489 521 2569 hac
539 2487 782 2595 relegatione,
809 2487 906 2596 quasi
925 2492 963 2570 in
988 2495 1097 2573 exili-

79 2631 159 2692 um,
191 2601 296 2710 apud
312 2601 462 2681 Amicos
482 2600 675 2680 interioris
697 2617 795 2681 notae
818 2600 925 2708 queri
941 2602 1096 2686 consue-

81 2711 185 2796 ville.

140 2824 198 2906 nd
220 2819 331 2903 linem
348 2822 457 2932 liujus
475 2823 567 2903 anni
588 2822 645 2900 vcl
660 2823 754 2903 circa
773 2822 927 2904 initium
941 2820 1097 2934 sequen-

15 2995 22 3024 .
78 2944 145 3034 tis,
178 2933 407 3018 Dublinium
439 2934 555 3042 petit,
590 2959 736 3014 novum
756 2936 851 3032 hoc,
890 2937 1099 3043 &prorsus

82 3045 368 3157 inettpcstatum
390 3114 401 3147 ,
436 3073 483 3126 ne
498 3046 624 3127 dicam
642 3044 709 3152 ipsi
727 3046 925 3128 relustantl
949 3049 1101 3156 impost-

84 3185 179 3252 tutn,
214 3183 349 3240 munus
364 3156 697 3237 administraturus.
753 3161 886 3238 Statim
906 3164 1102 3271 magistra·

82 3294 145 3354 tus
172 3268 366 3353 indicabat
385 3271 531 3349 Virum.
589 3273 738 3348 Gnarus
759 3271 914 3378 quippe,
947 3276 995 3356 ab
1017 3275 1102 3383 ipsrs

85 3385 211 3467 initiis
235 3382 282 3462 de
299 3382 412 3463 litturi
428 3381 621 3491 regiminis
640 3381 744 3459 exitu
766 3381 1017 3490 sepenumero
1034 3413 1101 3464 au-

85 3493 298 3605 gurandum
319 3488 402 3588 cll'e,
430 3495 550 3572 alacer
572 3490 842 3601 promptusque
860 3496 906 3573 ad
928 3497 978 3594 il,
999 3496 1104 3604 quod

86 3604 391 3716 ipsiincubucrit
422 3601 681 3712 prestandum,
716 3601 749 3682 sc
771 3608 967 3710 accinxit3
1000 3607 1103 3714 quod

84 3746 176 3802 cum
191 3718 286 3826 pene
299 3713 510 3822 scrupulosa
529 3719 567 3794 ὃ(
589 3718 772 3820 pertinaci
785 3716 983 3827 diligentia
1001 3717 1104 3799 seda-

87 3830 214 3938 tisque
231 3824 423 3912 aflectibus
445 3826 544 3918 l'ctit,
570 3851 608 3907 ut
630 3824 754 3928 lienes
773 3832 945 3936 exemplo
964 3834 1001 3910 sc
1022 3830 1104 3910 sua-

73 3939 257 4036 ‚stonibus
289 3941 338 4025 ad
365 3938 601 4031 industrium,
645 3940 824 4046 elisisque,
858 3943 920 4050 qui
949 3945 1104 4044 juvenci

954 4057 1102 4136 llt‘c'llll'd
