2684 4476
301 233 351 305 14
400 199 803 285 unsaramma
819 203 1174 298 erronearum

244 337 248 348 ’
299 329 362 390 fere
386 326 466 390 dorii
481 327 650 388 'etiamnum
671 324 888 405 prosequuntur
915 323 1036 383 Athenas
1055 325 1119 386 illas
1136 319 1271 399 Atticas,
1321 377 1325 394 ,

249 400 252 412 ’
300 425 336 468 erc
349 423 406 483 qua
418 424 476 466 una
488 403 646 478 urbe,runa
665 421 757 478 aetate,
775 420 811 464 ut
822 404 886 476 stis,
905 405 1001 482 plures
1013 401 1132 466 dicendi
1150 404 1272 464 intelli-

300 483 450 562 gendique
464 483 654 561 &principes
667 483 696 543 δι
710 499 900 561 praeceptores
912 481 1007 542 exorti
1021 481 1106 541 sunt:
1126 499 1217 558 quam
1227 501 1270 544 ex

300 561 386 622 omni
398 562 446 620 vel
455 561 601 634 locorum,
619 560 668 620 vel
680 577 849 640 temporum
858 555 1043 620 universitate
1055 557 1091 618 ad
1104 555 1270 620 hominum
1331 619 1335 629 ,

300 639 475 700 memoriam
485 654 831 728 unquampervenerunt.
871 643 955 694 Roma
974 657 1044 697 vero
1058 637 1183 697 olimim
1225 637 1270 696 rii

299 716 501 788 domicilium,
520 717 642 776 virtutis
654 716 777 776 cumulo
790 716 838 775 vel
859 713 923 793 ipsis
936 715 1056 772 Athenis·
1069 715 1157 791 longe
1189 733 1271 791 upe-

299 796 371 867 rior,
383 795 559 870 eloquentiae
573 791 658 853 laude
668 813 729 872 par,
741 809 791 853 aut
803 814 863 854 non
877 794 1009 854 multum
1022 791 1155 866 inferior,
1170 811 1271 870 quan·

298 892 390 950 quarn
403 892 482 934 nunc
494 865 683 950 praer'entibus
693 871 834 944 moribus,
852 867 999 950 Papistico
1016 872 1099 942 luxu,
1119 869 1147 932 δι
1168 871 1271 947 impe-

301 950 379 1010 rioso
397 947 695 1023 Antichristianismo,
713 949 742 1010 se
763 948 911 1010 bonorum
933 947 1190 1022 odiosubjecen‘t;
1213 967 1271 1008 ve·

299 1030 371 1088 reris
393 1045 491 1088 tamen
512 1027 688 1105 eloquentior
707 1029 846 1101 nomine,
866 1027 895 1087 δι
918 1030 1046 1084 ciceronis
1068 1026 1205 1103 ingenio,
1225 1025 1270 1087 lic

300 1106 385 1165 omni
398 1103 558 1184 posteritati
571 1104 772 1166 commendata
784 1103 843 1178 est;
873 1120 909 1164 ut
922 1123 1011 1182 quam
1023 1102 1077 1164 diu
1089 1103 1269 1166 Latinarum

272 1223 273 1226 =
300 1185 453 1245 literarum
463 1185 511 1244 vel
523 1181 622 1247 fructu
635 1182 739 1259 adjuti,
751 1184 798 1243 vel
811 1180 897 1243 laude
909 1178 1045 1242 illustrati
1057 1181 1114 1241 ulli
1127 1179 1270 1244 nominee
1298 1213 1301 1222 ·

300 1261 391 1336 sunt3
410 1261 525 1322 tamdiu
549 1261 631 1322 urbis
644 1267 730 1318 Rome
752 1261 902 1331 memoria,
922 1281 992 1320 cum
1015 1257 1127 1319 summa
1141 1259 1269 1320 caritate

299 1341 332 1398 ἃ
345 1337 712 1416 benivolentia-usurpata,
730 1336 866 1398 duratura
892 1336 934 1398 stt.
973 1337 1079 1413 Neque
1099 1335 1270 1415 antegrellae

299 1415 398 1478 solum
420 1417 570 1478 memoriae
592 1415 703 1475 erudita
723 1413 828 1487 secula,
847 1414 894 1474 sed
907 1415 1054 1494 presentis
1066 1414 1156 1474 etiam
1169 1415 1271 1478 aetatis

300 1497 437 1572 preclara
451 1494 579 1572 ingenia,
598 1493 762 1571 plurimum
783 1492 969 1552 admiramur.
995 1490 1176 1570 potillimum
1189 1512 1270 1554 vero

300 1592 406 1632 eorum
434 1569 590 1632 hominum
616 1571 668 1646 qui
696 1569 748 1630 hac
774 1572 949 1648 eloquentiae
975 1569 1061 1630 laude
1085 1567 1268 1632 floruerunt.

218 1705 222 1708 .
300 1648 365 1727 lpse
386 1650 467 1710 enim
494 1649 605 1708 multos
627 1647 799 1708 excellentes
824 1649 913 1720 viros,
933 1668 967 1708 ex
994 1650 1088 1721 Italia,
1107 1653 1270 1722 Germania,
1306 1655 1310 1672 '

300 1729 406 1800 Gallia,
423 1724 607 1786 vehementer
621 1725 725 1806 diligo,
744 1745 819 1803 quos
831 1741 981 1802 nunquam
994 1725 1067 1797 vidi,
1086 1720 1206 1802 propter
1220 1726 1271 1785 in·

301 1803 411 1882 signem
424 1803 561 1864 dosirinae
575 1803 765 1880 splendorem,
785 1823 873 1879 quem
886 1805 919 1862 in
942 1803 1002 1862 illis
1022 1803 1138 1862 elucere
1150 1801 1225 1879 pers
1218 1804 1269 1880 pi.

301 1883 362 1942 cio.
394 1881 437 1944 At
450 1902 518 1941 cum
531 1899 564 1941 tu
578 1879 727 1942 clariffime
737 1886 847 1946 ioannes
857 1887 965 1954 Serrani,
984 1901 1019 1940 ex
1032 1883 1147 1950 Platone,
1165 1888 1220 1935 Ari
1243 1904 1271 1938 o-

302 1962 362 2032 rele,
381 1965 595 2029 Ciceroaneum
616 1958 759 2019 salubrem
784 1958 957 2038 eloquentior
980 1958 1102 2018 succum
1126 1955 1208 2017 hausi
1235 1960 1270 2030 i;

302 2055 394 2113 quem
407 2038 439 2096 in
451 2038 535 2097 nullo
549 2037 607 2096 alio
619 2033 720 2096 nostra
744 2037 835 2108 aetatis
848 2058 902 2096 nec
922 2038 1009 2112 longe
1021 2034 1178 2116 superioris
1195 2037 1270 2112 qui·

302 2115 372 2174 dem
383 2133 513 2191 unquam
523 2113 733 2187 animadverti;
755 2115 886 2174 &illum
899 2115 986 2173 etiam
1008 2132 1106 2173 toorm
1129 2112 1164 2171 ad
1188 2113 1270 2175 sarai.

208 2225 212 2236 ·
303 2213 385 2252 orem
395 2189 505 2252 ,christi
522 2189 872 2270 doclrinam'aggregasti3
893 2212 952 2268 quo
966 2192 998 2250 in
1011 2192 1078 2252 loco
1090 2208 1120 2249 te
1132 2188 1269 2264 habeam,

303 2269 357 2328 nisi
370 2268 406 2328 de
419 2269 495 2330 read
508 2287 538 2329 te
552 2270 1041 2348 scriberemlibentcrexplicarem.
1081 2268 1270 2344 Quanquam

303 2346 324 2404 si
348 2345 379 2405 id
403 2348 537 2416 facerem,
556 2369 608 2407 cur
629 2348 803 2407 adulationis
825 2365 924 2407 notam
948 2365 1070 2417 vererer,
1089 2366 1149 2405 uon
1163 2345 1269 2408 video.

304 2424 381 2499 Quae
395 2445 439 2490 res
453 2425 472 2484 sr
484 2423 559 2484 inibi
572 2426 712 2502 proposita
733 2423 843 2497 fuisset,
860 2422 938 2502 quod
953 2442 986 2484 tu
1004 2422 1132 2500 quodam
1145 2424 1214 2483 loco
1224 2423 1270 2484 ,ad

303 2499 452 2578 quendam
475 2503 586 2575 scribis,
605 2506 660 2563 alia
686 2504 732 2562 via
756 2503 789 2562 ad
814 2501 893 2562 aliud
914 2521 1004 2578 genus
1017 2501 1172 2561 hominum
1186 2503 1271 2564 mibi

303 2581 459 2640 effectanda
483 2579 557 2641 esset.
591 2580 749 2658 Judicium
772 2580 846 2640 illud
861 2579 997 2640 divinum
1011 2597 1107 2652 tuum,
1128 2599 1189 2655 quo
1209 2579 1272 2642 slnr

303 2659 390 2736 gulos
404 2659 526 2737 prefers,
539 2659 649 2736 singula
662 2660 743 2736 legis,
756 2657 971 2730 animadvertis,
984 2656 1095 2732 lelegis,
1113 2658 1272 2733 appendis,

303 2736 424 2811 expolis,
444 2733 596 2807 construis,
617 2737 645 2796 δι
669 2734 842 2795 exaedificas:
862 2755 962 2795 meum
983 2734 1002 2792 sr
1024 2733 1103 2810 quod
1122 2732 1161 2792 est
1183 2737 1272 2808 judi-

302 2814 396 2883 cium,
415 2814 448 2872 in
472 2835 536 2872 earn
562 2814 781 2874 admirationem
804 2815 888 2893 rapit,
906 2832 940 2873 ut
963 2806 1107 2889 quicquid
1125 2810 1272 2876 haclenus

302 2887 455 2966 scripsisti,
475 2890 576 2950 sedulo
602 2891 846 2966 conquisiverim‚
866 2892 949 2949 avide
974 2891 1164 2967 pe1·leger1m;
1187 2891 1273 2950 inci-

303 2966 399 3026 derim
409 2967 497 3027 etiam
509 2968 540 3026 in
553 2970 693 3031 nonnulla
707 2969 923 3044 manuscripta,
943 2969 991 3026 abs
1005 2986 1057 3026 tuo
1071 2987 1121 3027 ore
1133 2986 1271 3044 excepta,

303 3043 337 3102 in
350 3065 381 3102 ea
403 3045 552 3118 videlicet,
572 3067 635 3123 quae
656 3045 812 3109 dollillime
825 3045 977 3104 dillaveris
990 3045 1024 3104 in
1036 3046 1185 3122 integrum
1198 3053 1274 3104 Gor-

299 3126 377 3194 giam
388 3123 512 3180 Platonis.
543 3124 636 3183 Hunc
650 3124 759 3183 librum
770 3126 881 3180 Londini
908 3123 1147 3182 antea-ienaium
1160 3121 1272 3187 nasius

303 3198 378 3258 sum.
417 3199 466 3259 Ad
479 3198 556 3259 hunc
571 3201 702 3272 modum,
722 3222 791 3260 cum
813 3200 952 3261 suavitate
971 3199 1117 3276 presentis
1140 3199 1273 3262 consue-

304 3277 416 3342 tudinis
429 3295 485 3336 tuec
501 3279 560 3338 frui
575 3284 634 3339 iton
647 3280 742 3352 licuit,
757 3298 811 3354 ope
824 3298 920 3338 tamen
935 3277 1046 3352 ingenii
1060 3279 1105 3336 tui
1118 3296 1270 3352 quantum

284 3401 285 3404 ,
304 3355 388 3429 potui
403 3353 520 3429 semper,
540 3358 586 3415 uti
607 3357 731 3433 placuit.
771 3358 808 3416 Fr
827 3377 874 3415 me
895 3359 1006 3415 multos
1029 3356 1084 3428 jam
1101 3356 1271 3426 annonar-

305 3431 374 3489 dore
386 3435 493 3489 amoris
512 3452 576 3508 erga
590 3451 619 3492 te
637 3433 761 3492 mirifice
776 3433 945 3492 incensum:
966 3452 1032 3491 ecce
1045 3434 1110 3502 tibi,
1131 3431 1271 3508 quotidi-

305 3528 377 3566 anus
390 3509 450 3566 scre
464 3511 564 3578 sermo,
586 3531 672 3585 quem
686 3511 721 3568 de
735 3530 764 3570 tc
780 3531 898 3569 mecum
913 3510 1084 3569 reverendur
1097 3530 1177 3587 parer·
1190 3530 1271 3586 prae·

303 3601 463 3660 ceptorque
487 3607 569 3646 meuc
583 3595 618 3645 ll.
633 3595 741 3644 baccam
763 3588 857 3654 habet,
877 3587 912 3646 stc
938 3607 1016 3648 nunc
1036 3586 1207 3658 inflammat,
1229 3610 1271 3652 ur

304 3664 380 3726 nihil
391 3663 533 3728 libentius
557 3667 690 3740 lacerem,
711 3685 798 3742 quam
822 3665 856 3725 ad
870 3665 1080 3727 rescriberem:
1101 3665 1268 3745 precscrrinr

1185 3765 1264 3805 curn
