2646 4448
204 255 267 352 u.
297 255 785 354 uertuntur
825 255 1020 358 urrn.
1060 292 1119 396 35

7 433 25 515 a
95 415 217 502 dere:
243 445 330 506 com
347 419 387 502 id
405 421 482 528 jam
501 443 651 520 omnes,
687 419 866 503 distradis
894 430 1122 534 exemplari·

7 547 27 602 εἰ
99 529 181 627 bus,
213 533 354 629 ndrint,
387 536 426 613 &
451 530 576 613 ubivis
596 527 638 611 iit
661 530 944 618 testatissimum.
1002 542 1122 621 Dole-

7 665 25 715 t
96 638 197 724 bunt
216 670 365 725 mecum
386 645 520 725 harum
546 645 739 725 literarum
757 645 908 727 studiosa
928 652 967 730 ὅ(
988 679 1119 732 aman-

95 773 164 851 tes,
198 755 312 854 hisee,
340 755 412 838 five
439 757 555 864 aequis
572 755 645 835 sive
662 757 815 868 iniqniS,
845 758 1121 866 interpellatio·

6 891 26 944 :a
96 864 225 968 nibus,
267 895 382 978 grave
415 865 513 948 istud
548 865 740 966 damnum,
785 869 890 981 (μιοά
925 873 989 952 vix
1019 873 1121 954 sccu-

5 1008 23 1060 εμ
96 981 178 1060 tom
207 980 464 1089 reparaverit,
507 979 743 1088 Reipublicae
785 983 954 1062 literaria
995 988 1122 1067 conti·

98 1086 200 1196 giffe.

4 1235 17 1287 1:
153 1203 237 1283 Post
270 1205 374 1285 hunc
403 1199 506 1311 quati
525 1198 748 1283 abortivum
772 1204 992 1287 Bernardini
1013 1207 1119 1318 inge·

7 1351 16 1400 2
91 1314 148 1394 nii
167 1315 319 1410 fretum,
349 1316 515 1422 reliquos
528 1313 736 1396 faventiori
751 1318 886 1398 Lucini
907 1319 946 1399 in
968 1321 1050 1400 dias
1065 1325 1119 1401 lu-

3 1460 20 1516 a
94 1427 211 1506 minis
234 1451 343 1508 antas
372 1426 510 1524 editos,
540 1451 629 1506 curn
654 1429 695 1509 id
720 1430 877 1536 cognati
903 1433 1121 1538 argumenti

2 1611 15 1629 „
89 1539 192 1619 ratio
213 1542 364 1650 exigere
376 1536 559 1636 videatur,
578 1537 668 1618 serie
685 1540 772 1620 licet
793 1544 902 1650 liujus
917 1541 1118 1623 breviculae

87 1653 321 1734 narrationis
340 1647 455 1759 pauid
478 1652 701 1757 interrupti,
731 1653 794 1732 hic
823 1652 1039 1734 summatim
1061 1682 1119 1735 re-

1 1820 10 1857 ,
88 1759 292 1844 censebo:
335 1761 382 1843 de
410 1762 527 1870 longe
556 1759 726 1870 pluribus
762 1767 937 1861 ineditis,
979 1767 1119 1873 quibus

1 1913 18 1971 ,ς
89 1876 374 1980 componendis
395 1899 574 1983 magnam
596 1878 679 1954 vitae
701 1899 847 1982 partem
865 1875 1013 1958 inmuta
1030 1905 1118 1959 cum

1 2004 18 2086 3
89 1981 275 2179 {ingustrid
311 1990 579 2096 impenderat,
619 1985 720 2071 infra
756 1991 842 2068 ioco
869 1992 1119 2098 oportuniori

125 2123 137 2175 r
176 2122 274 2182 ntus.

141 2325 169 2404 Ι.
208 2327 323 2404 Anno
343 2324 396 2403 M.
412 2322 496 2401 DC.
510 2325 667 2403 LXXX.
681 2327 728 2400 V.
745 2325 1119 2412 commentationem

88 2430 197 2514 suam
224 2434 270 2514 de
306 2431 477 2538 mensuris
500 2440 676 2533 concavis,
702 2435 914 2541 ponderibus
939 2440 1109 2546 antiquis,

1 2599 13 2652 t.
85 2543 137 2636 (n
157 2546 330 2653 mensuris
348 2544 615 2656 distantiarum,
645 2545 695 2626 ad
715 2550 856 2626 calcem
885 2544 986 2655 spiiir
1008 2551 1117 2626 voiu-

1 2715 8 2766 ,Δ
86 2659 202 2739 minis
223 2658 585 2739 commentariorum
620 2657 660 2737 in
694 2660 942 2768 Prophetiam
972 2657 1116 2757 Hoseae,

4 2825 10 2838 .
85 2765 224 2850 &Viro
242 2766 468 2863 dodiffimo
498 2773 548 2850 D.
583 2769 775 2851 Eduardo
796 2772 1003 2866 Pocockio,
1038 2776 1116 2850 An-

84 2879 191 2989 glice
207 2882 410 2980 editorum,
440 2880 514 2961 five
543 2880 719 2987 ejusdem,
750 2884 815 2990 qni
844 2883 944 2963 iliius
968 2881 1113 2962 senten-

84 2996 182 3073 tiam
209 2993 257 3074 de
286 2993 437 3074 Lethaeo
459 2990 673 3074 Ebraeornm
692 3015 908 3101 rogaverat,
943 2993 1113 3091 confili0,
1164 3009 1168 3016 “

83 3104 158 3185 sive
192 3125 235 3186 ut
265 3105 399 3214 jurastis
419 3107 544 3212 operis
563 3103 754 3214 utrimque
776 3106 879 3186 fama
900 3128 1114 3212 mutuaeque

83 3217 259 3297 amicitiae
291 3220 476 3299 memoria
504 3216 608 3296 fimul
640 3238 956 3325 propagarentur,
997 3219 1112 3326 adjici

83 3324 207 3436 palsas
229 3329 291 3411 est.
350 3329 460 3412 Liber
492 3332 559 3409 vix
579 3329 723 3416 Exteris
743 3327 1040 3440 cognoscendae,
1070 3334 1110 3411 8<

85 3466 202 3548 quem
224 3467 337 3524 nemo
353 3469 399 3522 ex
422 3442 710 3522 Mathematieis
736 3441 1024 3548 Philologii'que
1041 3467 1113 3519 no-

83 3549 260 3635 stratibus
282 3554 392 3635 isthic
411 3551 498 3633 esset
519 3553 745 3660 qttaeiiturtu.
804 3557 867 3636 Ne
890 3555 1006 3659 igitur
1032 3550 1110 3646 iibi,

81 3666 130 3749 de
149 3668 224 3746 hoc
243 3663 479 3746 nobilissimo
496 3667 546 3745 rei
564 3666 734 3745 literaria
751 3685 989 3773 argumento,
1007 3664 1112 3770 qnod

83 3777 158 3858 iese
178 3779 219 3858 iu
242 3804 396 3858 omnem
414 3778 684 3884 antiquitatem
710 3782 1032 3882 omnigenampre
1052 3776 1111 3852 iri-

78 3891 233 3970 storiam
265 3889 564 3999 quaquaversum
589 3886 786 3986 tristanda,
824 3891 914 3968 hine
935 3887 1110 3995 preclare

78 4001 292 4088 admodum
316 4003 513 4104 meriture,
543 4022 610 4082 aut
626 4003 724 4102 aliis,
751 4027 916 4111 quorum
942 4000 1109 4080 nummio

589 4112 623 4192 C
655 4140 675 4219 3
957 4135 1111 4220 parcen·
