2576 4464
245 293 553 399 Errsnon'n
592 292 886 396 Sironem.
1023 297 1058 412 '5

49 473 188 563 lim'te
224 477 394 561 nimium
428 470 659 558 tenuitatem
680 497 808 556 meam
834 469 1059 568 extollere,

47 643 185 728 quum
195 613 300 700 nihil
310 614 353 696 in
370 638 435 695 me
451 609 498 693 srt
510 607 791 719 praedicatione
803 630 871 694 tua
878 609 1060 724 dignum

1 731 2 822 l
45 751 227 838 viciffim
237 774 370 838 tamen
386 749 491 838 seio,
527 771 645 855 quern
655 771 735 859 ego
752 773 899 839 amem,
936 759 977 835 δι
992 749 1060 836 ad·

1 953 2 978 2
49 891 181 1004 mirer
194 888 351 980 merito.
421 883 499 970 Sed
522 907 610 991 quae
631 880 715 966 haec
730 903 796 966 tua
814 883 974 969 insolita
993 890 1060 972 be·

1 1112 2 1117 a
50 1028 272 1140 dignitas?
308 1023 378 1136 qui
403 1021 523 1109 etiam
548 1016 648 1107 ferre
680 1021 857 1131 potueris
879 1005 1059 1132 supinam

57 1161 348 1277 negligentiam
358 1189 497 1246 meam.
508 1157 649 1245 Dicam
662 1156 839 1278 quodres
848 1140 1058 1270 estsquunr

61 1297 302 1412 liupendum
317 1297 419 1381 illud
433 1324 537 1409 opus
555 1297 743 1413 scaligeri
758 1293 808 1381 td
823 1323 962 1382 manus
977 1325 1059 1382 me·

55 1462 102 1521 ns
117 1433 362 1549 perveniss'et
381 1437 582 1546 primum,
628 1435 684 1520 ita
709 1432 827 1520 avide
852 1435 992 1522 oculos
1016 1438 1061 1518 in

54 1599 209 1658 omnes
225 1593 357 1686 partes
372 1571 633 1680 conjiciebam
654 1623 668 1665 ‚
702 1593 747 1656 ut
761 1572 948 1657 nescirem
966 1553 1060 1685 proi

58 1709 284 1822 pemodum
317 1708 523 1821 quomodo
562 1735 701 1821 capere
730 1709 882 1818 possem
909 1708 1061 1822 expeti·

54 1869 151 1932 tum
168 1847 321 1932 tamdiu
339 1844 568 1930 thesaurum.
612 1843 746 1932 Video
764 1847 821 1934 ibi
842 1847 1061 1936 Ba'udiums

59 1981 275 2069 Heinsiurn
295 2033 310 2077 ,
349 1985 471 2068 miror
489 1982 679 2067 Grotium
706 2003 838 2069 meum
853 2013 936 2068 non
954 2017 1063 2070 com·

1 2165 2 2172 ¹
61 2145 233 2234 parcre,
275 2119 394 2206 credo
421 2119 617 2204 cohaefisse
632 2123 800 2235 paginas
814 2120 903 2204 illas
922 2121 1065 2208 adver·

59 2258 121 2345 sas
136 2260 184 2342 in
202 2259 349 2371 quibus
367 2281 478 2341 tuum
499 2285 647 2342 nomen
667 2279 780 2350 erat,
822 2279 868 2342 ut
894 2259 995 2372 saepe
1017 2262 1063 2348 fit

62 2394 187 2514 libn's]
204 2395 375 2482 necdum
391 2392 647 2509 colligatis&
673 2396 895 2481 recentibus
919 2398 942 2479 ὲ
964 2427 1077 2483 men·
1175 2453 1177 2457 -

65 2557 246 2626 catorum
266 2533 434 2618 sarcinis.
468 2530 697 2618 Transvolo
717 2530 767 2615 ad
783 2531 880 2624 alia,
898 2551 943 2614 ut
951 2535 1065 2643 quid·

1 2712 2 2717 Ν
61 2669 255 2786 quidue,
299 2668 411 2782 quod
428 2695 478 2751 ex
501 2665 605 2751 libro
629 2664 705 2752 illo
731 2669 883 2780 sperare
900 2669 1067 2780 possim,

66 2811 199 2921 primo
216 2809 367 2892 intuitu
383 2801 616 2918 cognoscam
626 2850 641 2903 3
677 2805 900 2918 supervenit
920 2809 1068 2893 amicus

70 2944 349 3030 &thesaurum
365 2945 478 3028 illum
498 2941 599 3023 mihi
614 2944 745 3054 eripit.
774 2939 1066 3034 Post,necdum

70 3080 223 3168 reddito
243 3081 345 3166 mihi
361 3080 488 3166 libro,
524 3076 574 3160 ad
593 3078 842 3165 te-litterulas
859 3078 933 3174 do,
949 3090 988 3163 &
1001 3105 1068 3168 ex·

67 3217 242 3331 probro,
269 3216 381 3326 quod
413 3215 560 3299 fastum
577 3215 715 3300 nolim.
750 3216 911 3300 Litteris
936 3241 1067 3302 autem

61 3351 146 3463 jam
163 3353 327 3439 dimissis
343 3352 494 3463 recipio
519 3348 689 3446 librum,
707 3359 747 3434 &
770 3353 869 3437 mihi
890 3352 967 3468 ipsr·
992 3357 1069 3439 uix

62 3489 219 3583 eredo,
264 3487 476 3573 &foedum
498 3512 672 3571 errorem
697 3488 895 3600 agnosco,
940 3519 1071 3601 neque

63 3649 203 3716 tamen
217 3627 370 3728 litteras
396 3650 580 3709 revocare
598 3621 667 3709 fas.
721 3625 883 3714 Bonum
903 3625 1073 3740 fastum,

643 3788 681 3869 A
720 3815 745 3911 3.
775 3825 788 3850 ·
962 3790 1075 3903 quod
