2606 4454
242 255 1072 372 1381nrrorr1uan1nonunr
1216 256 1224 266 ’

236 449 391 518 rentes,
426 425 449 506 ὲ
470 440 636 534 quarum
654 422 873 508 venatione
892 449 978 506 non
996 443 1144 508 tanturn
1160 451 1216 512 no

235 567 389 652 minem
407 589 550 654 arcere,
571 557 638 644 sed
658 568 697 642 &
715 561 887 675 praemiis
906 561 1078 647 invitate
1095 591 1209 648 omno
1293 559 1295 584 ¹

233 700 364 788 solent
386 727 394 778 :
439 697 559 784 slede
581 696 708 809 Lupis
732 698 945 785 constituta
967 700 1057 782 sunt
1075 703 1208 814 premit

235 839 498 950 capientibus»
520 838 680 920 nemine
700 836 880 930 exclusor
909 864 983 921 nec
1004 837 1134 923 minus
1147 838 1211 922 vul·

233 1003 307 1096 pes
325 974 526 1086 pullorum
547 982 588 1056 &
610 974 904 1068 columbarum,
926 1002 1048 1085 quarn
1067 977 1219 1088 Lupio·

232 1121 344 1203 vium
362 1115 489 1224 pestes
515 1111 614 1195 sunt.
654 1110 757 1219 Qae
778 1113 1040 1200 consideratio
1055 1112 1164 1204 facit,
1181 1137 1224 1198 ut

232 1280 323 1339 mea
341 1253 441 1335 mihi
461 1241 590 1335 adhuc
608 1249 807 1335 adhaereat
825 1253 993 1362 opinio,
1028 1261 1070 1336 &
1088 1255 1224 1348 retine-

233 1419 324 1476 am:
359 1420 443 1507 quae
459 1386 670 1474 Teutonica
697 1390 830 1504 lingua
852 1389 1043 1498 Eel‚srve
1063 1389 1225 1478 Eelroilt

230 1530 481 1643 appeVantur.
553 1526 597 1608 N
602 1554 665 1630 am
709 1527 807 1612 tales
848 1525 960 1619 fere,
1005 1555 1077 1640 per
1105 1551 1227 1611 totam

234 1667 517 1754 Germaniam,
536 1663 770 1775 Principum
783 1665 1063 1750 venationibus
1079 1665 1231 1749 servan-

231 1824 306 1886 tur.
334 1800 428 1913 Jam
447 1799 549 1894 vale,
561 1800 782 1885 Clariffime
794 1803 960 1888 Scriveri
971 1853 984 1896 ,
1003 1810 1050 1892 &A
1064 1803 1231 1888 Buchel·

231 1941 331 2026 lium
348 1964 460 2024 tuum
481 1966 611 2021 amare
630 1967 776 2052 perge,
813 1944 883 2054 qui
903 1940 1000 2051 quid
1011 1955 1123 2056 agari
1159 1944 1233 2054 ,qui

230 2079 395 2172 valeto,
437 2057 488 2158 de
509 2075 645 2160 studiis
662 2077 760 2161 item
779 2083 858 2164 tuis
882 2081 1027 2163 certior
1045 2079 1129 2164 fieri
1143 2108 1234 2193 per·

230 2217 353 2326 cupit.
432 2214 496 2298 Ex
548 2215 690 2301 Museo
731 2217 879 2302 nostro.
959 2214 1137 2338 Trajetti
1182 2219 1234 2306 ad

229 2352 423 2439 Rhenum
441 2350 542 2462 prid.
562 2351 732 2442 Kalend
753 2354 957 2469 Septemb.
965 2358 1089 2440 Anno
1109 2355 1234 2443 Chri-

229 2489 279 2576 sti
302 2501 437 2602 1632.
