2646 4448
181 117 761 234 autumnalem
798 117 992 230 VITA.
1033 159 1093 270 27

77 301 243 384 omnino
262 295 476 395 inaffuetuS,
503 323 598 408 aque
621 295 720 378 vani
746 297 922 405 jocularis
949 297 1099 409 ingenii

76 414 123 495 in
153 415 300 495 circulis
333 410 579 493 soemiuatum
611 407 883 507 ostentatione,
924 405 1099 494 futilibus

75 527 292 634 colloquiis,
307 518 531 630 fabellisque
549 519 757 615 amatoriis,
779 517 902 628 siquis
914 545 1098 631 unquam,

80 633 338 734 alienitfimus,
378 629 414 713 se
452 657 586 740 patum
604 649 752 739 gratum
786 629 989 739 hospitem,
1030 653 1097 716 aut

81 746 151 854 ipsi
169 749 358 843 Domina,
387 741 461 825 live
476 741 760 849 inexspectatus,
806 739 879 822 stve
899 742 961 823 illt
978 745 1100 827 inviti

82 857 305 954 advenisset,
341 874 406 939 aut
430 852 657 950 domesticis,
701 849 809 934 sacili}
836 849 1100 961 perspexit&

84 991 262 1080 expertus
277 968 339 1049 est.
397 969 474 1047 Pto
500 961 561 1047 sui
584 965 687 1046 enim
709 964 887 1046 fatuitate
905 964 1007 1048 illius
1025 967 1106 1049 vit-¹

89 1099 186 1161 tutes
204 1107 284 1162 non
305 1076 400 1160 reete
422 1077 598 1158 aellimare
617 1077 769 1175 nbrant,
801 1076 908 1157 illum
923 1075 1105 1161 Ludimab
1175 1075 1180 1084 ’

88 1190 256 1301 gistrum,
299 1185 402 1300 quast
438 1189 702 1294 contemptim,
741 1208 1018 1294 nuncupantes,
1063 1193 1104 1275 8(

89 1303 187 1412 penb
220 1303 437 1385 convitium
465 1297 553 1380 inde
580 1298 748 1402 sasiurie
790 1297 895 1409 quod
920 1323 1006 1380 non
1027 1295 1104 1384 fine

89 1413 182 1524 justa
209 1413 473 1522 indignatione
499 1411 538 1490 8(
556 1408 703 1519 stupore
722 1433 796 1508 me,
821 1408 913 1491 dunt
934 1410 1104 1516 aderam,

91 1522 198 1632 (lpse
214 1527 317 1606 enim
342 1522 524 1605 Lutetiam
549 1519 651 1602 istius
681 1523 770 1601 anni
797 1521 916 1602 aesiate
935 1547 1108 1605 excurre·

92 1633 206 1742 bam)
234 1629 417 1717 audivisse
439 1633 603 1714 memini.
661 1633 817 1712 lntetim
835 1655 961 1716 tamen
982 1635 1023 1715 in
1036 1633 1109 1727 isto

98 1771 254 1830 munere
278 1742 459 1828 obeundo
486 1763 629 1825 tantam
669 1741 899 1851 percipiebat
935 1749 1110 1855 volupta-

98 1881 189 1955 tem,
217 1880 259 1940 ut
276 1858 436 1938 toedium
458 1854 552 1936 istud
572 1854 741 1962 patienti,
771 1853 1112 1964 imb&genetoso,

99 1973 233 2054 animo
250 1967 492 2078 superaverit.
549 1965 755 2046 Postunius
774 1968 865 2048 anni
878 1964 1053 2074 spatium,
1071 1977 1112 2056 &

101 2083 205 2190 quod
221 2073 631 2173 excttttcbat,miffionc
644 2077 851 2183 impetrati,
879 2078 926 2158 ad
944 2105 1111 2166 amatum

100 2188 269 2274 secessum
281 2188 539 2276 oxoniensem
558 2185 726 2266 reversus
745 2189 824 2268 esi:
852 2195 926 2297 jam
948 2193 1000 2271 sui
1025 2199 1114 2302 jutis

100 2305 283 2394 redditus,
326 2298 532 2407 nulliusque
564 2298 716 2378 inlicetae
747 2300 921 2396 itrifioni‚
959 2303 1115 2387 stolidae.

93 2441 179 2526 ¹que
197 2415 370 2504 censotae,
403 2435 467 2492 aut
499 2411 683 2518 pervicaci
709 2411 886 2517 impeti0,
909 2408 1115 2500 obnoxius.

102 2522 443 2634 Aliquiccusclunt
462 2529 511 2605 l).
523 2521 748 2602 bernardum
764 2521 846 2628 posi
866 2524 1119 2608 reditumani-

106 2665 173 2721 mo
191 2645 302 2745 paulo
325 2635 515 2738 tlejescttm,
543 2635 582 2710 b<
601 2631 841 2713 irritatiotcm
860 2633 1013 2732 fabium,
1042 2663 1118 2720 me·

104 2752 301 2831 ¹lancltolia
325 2745 438 2826 solito
459 2746 590 2849 majori
608 2740 811 2825 labotill'e:
841 2745 945 2851 quod
968 2749 1118 2854 quidem

108 2887 178 2945 nec
209 2859 288 2965 ipse
325 2853 473 2963 prorsus
504 2860 718 2962 negaverim
747 2882 756 2932 :
783 2854 843 2936 scd
868 2883 1030 2938 moetote
1050 2859 1121 2942 isto

108 2969 239 3054 senfim
270 2970 428 3050 dctctto.
460 2967 653 3074 prillinnm
687 2969 805 3046 animi
828 2965 954 3062 robur,
982 2996 1121 3078 expor-

109 3084 213 3165 teslae
231 3080 366 3161 frontis
389 3080 630 3175 bilaritatem,
659 3077 891 3185 obviamque
906 3083 1121 3164 comitatem

113 3193 191 3276 εἰτὸ
206 3190 452 3298 recuperavit.

170 3309 211 3383 ln
230 3305 304 3383 boc
321 3324 446 3381 autem
466 3301 693 3408 precipuum
719 3299 862 3378 itineris
877 3298 1031 3380 Parisini
1045 3304 1123 3382 fru-

113 3418 228 3510 sium,
259 3439 454 3520 nunquam
486 3411 765 3508 poenitendum,
801 3407 890 3508 imb,
930 3439 1040 3519 quem
1063 3442 1125 3522 ge·

113 3528 249 3610 stiente
277 3530 315 3605 ὃ(
346 3526 501 3603 memori
531 3525 663 3601 auimo
692 3525 852 3602 recolere
874 3523 1005 3600 solitus
1031 3546 1124 3622 etat,

113 3641 334 3724 collocavit,
378 3636 479 3739 qood
513 3634 660 3738 magnis
695 3633 800 3712 Viris
834 3636 871 3710 ὃς
900 3633 1125 3718 cruditionis

115 3748 230 3831 laude
247 3741 547 3835 celebratissimis,
577 3745 650 3822 viz.
678 3745 793 3822 Pctto
812 3744 1014 3840 Catcavi0,
1050 3750 1126 3826 Rc-

116 3861 186 3970 giae
209 3856 449 3941 bibliothecae
469 3852 658 3955 Praelctto,
693 3855 859 3935 Hentico
880 3851 1045 3959 Justcllo
1077 3856 1128 3938 ls-

1017 3971 1127 4050 maeli
