2684 4476
153 279 155 286 Α
274 155 341 275 '22
480 195 555 270 nn
592 193 745 274 v1‘rn
778 193 858 275 un
895 197 1094 276 ontuu

283 315 647 401 geeLatiaedelignanas.
686 312 780 393 Quod
790 314 914 395 quidem
934 335 1045 380 munus
1058 333 1142 379 antea
1150 317 1187 394 ei,
1204 339 1268 402 reg.
1326 377 1330 384 ,

288 411 378 458 nante
402 397 536 471 Eduardo,
554 411 659 472 rogatu
678 395 787 472 optimi
812 395 843 456 ar
866 393 1036 458 ornatissimi
1065 393 1123 458 viri
1144 395 1265 464 Domini

288 475 419 534 Gulielmr'
430 478 528 547 cirilli,
545 473 608 550 regi
620 473 757 546 Eduardo,
769 493 786 532 a
796 471 925 546 secretis,
937 469 1106 534 comessum
1117 493 1187 550 erat,
1198 497 1266 542 cum

289 551 391 617 absens
410 552 444 612 in
468 555 614 610 Germania
633 551 874 629 peregrinaretur.
913 549 985 614 Hoc
1005 553 1144 613 omnium
1165 555 1196 616 in
1208 557 1266 618 vita

289 627 310 692 s
326 627 567 692 lendidillimum.
586 627 688 706 quod,
707 628 822 690 cumin
833 627 1057 692 summa-rerum
1072 627 1267 710 desperatione

326 724 366 781 et,
383 709 457 784 regii
467 706 622 770 consdiarii
632 726 710 782 eum,
730 707 859 770 exomni
872 706 1101 770 dodillsrmorum
1114 709 1266 774 hominum
1308 767 1311 774 .

287 785 384 866 copia,
402 787 583 866 delegerinte
605 786 702 860 cuius,
722 785 755 846 in
766 785 985 848 conscribendis
998 785 1112 848 Latinis
1129 785 1268 868 epistolis,

106 943 108 948 Ι
123 914 126 920 .
287 883 375 943 opera
389 864 418 926 &
431 865 554 958 ingenio
572 863 665 955 Rpgia
688 861 826 939 Maiestas
849 877 991 954 uteretur.
1030 862 1124 940 Quod
1136 863 1267 955 officium

228 995 256 1086 a
287 937 1267 1099 curialitatisstinatianam
1309 1047 1312 1054 .

287 1095 379 1173 ceilae,
397 1119 477 1161 nunc
500 1099 559 1160 ami
583 1119 606 1158 ω
630 1097 660 1160 δι
683 1098 784 1188 irrite,
867 1117 903 1160 us
921 1097 1099 1177 Wrrrnienfis
1119 1093 1266 1190 opera&

286 1177 414 1238 Domini
434 1181 545 1252 legerer·
554 1173 669 1248 studio,
687 1173 944 1254 redintegrantur:
964 1175 1140 1238 &annuum
1163 1174 1267 1256 stipen-

286 1253 372 1316 dium
394 1253 660 1327 decemlibrarum‚
685 1254 808 1314 aliarum
828 1252 929 1314 decem
955 1251 1111 1314 accessione
1137 1273 1268 1331 augetur.

285 1331 357 1394 Hoc
368 1352 476 1394 munus
487 1348 566 1393 tanta
580 1331 744 1407 diligentia,
757 1327 865 1404 studio,
886 1330 1032 1392 scribendi
1045 1331 1193 1407 facultate,
1201 1335 1269 1412 pin·

286 1409 434 1490 gendique
456 1410 599 1487 elegantia
623 1409 765 1480 exercuit,
784 1424 865 1473 tanta
883 1411 972 1471 etiam
983 1408 1041 1471 fide
1054 1410 1085 1472 δι
1108 1407 1268 1474 constantia

286 1487 439 1566 prestitit:
459 1485 628 1563 duabusque
651 1486 785 1566 Reginis,
806 1491 901 1544 Maria
919 1489 951 1548 in
976 1489 1089 1566 primis,
1111 1488 1141 1550 dt
1163 1488 1269 1552 deinde

285 1565 444 1637 carisiimae,
459 1562 693 1643 ampliffimoeque
704 1565 876 1638 Elimbethae,
894 1564 932 1626 sac
945 1564 1103 1628 satisfecit:
1121 1583 1157 1628 ut
1168 1586 1269 1644 nemu,

285 1646 421 1704 omnium
435 1641 560 1718 judicio,
579 1643 613 1704 in
625 1639 718 1704 nostra
732 1643 885 1716 memoria,
901 1659 952 1705 aut
966 1645 1076 1716 maiore
1088 1645 1268 1721 eloquentia,

282 1738 338 1781 eut
350 1723 497 1782 omatiore
509 1718 600 1801 stylo,
619 1737 669 1782 aut
685 1721 805 1797 puriore
825 1721 963 1794 dissime,
980 1720 1037 1783 hoc
1061 1741 1172 1784 munus
1184 1722 1268 1784 obite

285 1799 426 1876 potuerit.
467 1797 582 1859 Mirum
595 1795 802 1872 eistetensem,
815 1817 874 1876 qua
884 1796 1034 1874 industria,
1057 1799 1270 1876 quoindefello

127 1951 128 1954 Ἴ
284 1876 393 1950 labore,
405 1893 461 1954 qua
475 1873 621 1937 scribendi
633 1875 793 1952 assiduitate
813 1878 916 1938 'omnia
938 1875 1123 1952 conficiebat,
1148 1896 1209 1954 quo
1221 1881 1270 1940 in·

219 1997 221 2000 -
286 1955 377 2033 genio
386 1956 483 2014 literas
496 1954 688 2032 excogitabat,
698 1973 760 2031 quo
772 1954 897 2016 artificio
909 1954 1100 2034 perpoliebat.
1131 1955 1166 2016 In
1179 1957 1270 2020 initio

286 2031 371 2108 regni
394 2033 557 2106 Philippi&
569 2037 671 2105 Μιηί,
690 2032 723 2094 in
733 2031 827 2094 tribus
845 2033 942 2094 solum
955 2033 1068 2109 dicbus,
1078 2033 1270 2110 quadraginta

284 2109 395 2190 septem
405 2109 529 2170 diversas
541 2107 683 2188 epistolar,
708 2109 744 2173 ad
757 2109 887 2183 diversos
906 2111 1063 2190 principes,
1085 2129 1212 2188 quornm
1224 2114 1272 2174 im

284 2186 350 2250 fimi
363 2189 617 2261 eramcardirales,
629 2189 658 2249 δι
674 2187 857 2266 excogitabat
869 2206 980 2263 ornate,
989 2190 1018 2250 δι
1030 2188 1205 2267 depingebat
1216 2209 1272 2268 po·

283 2263 424 2326 litiffime.
452 2265 493 2324 ·Si
504 2265 553 2357 cui
564 2263 621 2358 hoc
633 2266 743 2328 mirum
756 2264 899 2360 videatur,
924 2285 978 2358 aut
987 2269 1007 2328 sa
1017 2269 1085 2344 quis
1097 2289 1145 2328 me
1157 2266 1270 2406 ‘infr‘

284 2357 380 2424 putet,
404 2342 558 2420 obsignatas
580 2342 709 2417 ejusdem
733 2341 857 2415 Asciramr
880 2344 994 2412 tabellis
1008 2364 1079 2406 cum
1097 2366 1132 2405 co
1154 2365 1193 2424 po
1215 2366 1272 2408 una

284 2425 386 2496 'ageret
410 2422 462 2495 qui
477 2419 532 2482 hoc
545 2419 634 2494 idem,
655 2422 688 2480 in
698 2421 790 2482 literis
803 2421 839 2480 ad
853 2424 1010 2482 Eduardum
1023 2429 1174 2496 Moenum,
1198 2429 1273 2482 Dior·

283 2503 395 2562 ioannis
404 2499 516 2573 Collegii
528 2497 653 2572 socium,
677 2499 806 2576 Anglice
819 2497 946 2578 scriptis,
959 2519 1028 2560 cum
1041 2499 1153 2560 summa
1164 2497 1273 2561 alleve-

281 2577 398 2637 ratione
422 2574 584 2637 affirmavit.
622 2577 656 2638 ln
671 2575 724 2636 hac
746 2577 806 2653 jam
829 2577 973 2657 dignitate
994 2575 1181 2651 constitutus,
1211 2577 1273 2642 hoc

285 2652 429 2714 honorato
442 2655 510 2714 loco
533 2652 696 2726 adornatus,
718 2674 754 2715 ex
767 2655 863 2731 priore
875 2655 989 2716 miseria
1006 2653 1040 2714 ad
1054 2654 1133 2717 hunc
1147 2653 1274 2720 honoris

286 2730 409 2808 gradum
421 2732 560 2793 evestus:
587 2732 617 2792 ἃ
626 2734 728 2798 locum
742 2734 773 2792 in
788 2732 923 2812 Collegio
938 2733 1010 2789 Divi
1022 2737 1141 2806 Jaanna'e,
1152 2733 1203 2794 ubi
1219 2733 1276 2794 ad.

273 2809 345 2869 ,nuc
357 2811 390 2870 in
402 2825 468 2870 toto
480 2810 723 2888 peregrinationis
736 2825 879 2886 tempore,
896 2811 993 2872 socius
1005 2810 1075 2883 suit,
1100 2812 1129 2872 δι
1144 2816 1276 2874 oratoris

286 2887 375 2947 etiam
387 2906 497 2948 munus
508 2887 540 2948 in
553 2887 723 2958 Academia,
737 2887 798 2948 sere
811 2887 847 2947 ad
860 2885 966 2949 festum
979 2888 1150 2950 Natiuitatis
1159 2893 1275 2954 Jeennr'e

285 2965 406 3041 Baptista
429 2963 575 3024 MDLIV.
598 2969 686 3040 Regia
697 2967 851 3041 miniatis,
871 2967 899 3027 δι
922 2967 1099 3044 ua'nrrnnnfis
1123 2985 1277 3044 opera-re-

283 3041 406 3102 tinebat.
445 3045 524 3107 annii
543 3041 638 3122 primo
657 3043 802 3104 MDLlV.
829 3041 916 3106 duxit
935 3063 1059 3105 uxorem
1083 3050 1277 3118 Margaretam

284 3125 413 3191 Horam,
436 3117 585 3180 homeliam
608 3121 638 3182 dc
662 3118 765 3182 castam
788 3119 1055 3188 adolescentulam:
1077 3119 1214 3199 generosa
1227 3122 1277 3187 sa.-

284 3197 367 3256 milia
379 3212 485 3269 natam,
501 3211 654 3274 parentum
667 3197 787 3260 consilio
799 3199 831 3258 in
842 3199 1066 3259 matrimonium
1080 3201 1109 3258 ei
1123 3197 1277 3262 traditam.

284 3273 431 3349 Decujus
443 3275 567 3352 nuptiis,
591 3295 663 3336 cum
687 3281 798 3341 ioannes
808 3282 938 3333 sturmius
965 3274 1128 3346 audivisset,
1151 3277 1279 3353 inqua.

284 3349 424 3432 Epistola,
449 3353 565 3412 adeum
580 3351 931 3429 vicessrmoquartoJurn'r'
943 3353 1089 3416 MDLlV.
1115 3352 1207 3425 milla,
1234 3355 1279 3416 stc

286 3429 402 3490 scribit.
440 3433 491 3487 Scd
501 3431 568 3504 quid
577 3451 619 3503 ega
631 3429 642 3487 ἓ
659 3427 763 3508 ‚sponsus
773 3429 911 3506 aasabim,
922 3433 954 3488 id
964 3454 1008 3489 nos
1020 3434 1103 3490 celare
1114 3430 1180 3488 vrri
1196 3447 1229 3486 ut
1242 3455 1278 3492 ,ηε
1296 3467 1304 3480 ·

287 3509 340 3566 tibi
354 3509 471 3584 aliqud
495 3507 725 3584 Epithalamium
748 3514 889 3566 mittamus
914 3510 1146 3571 Germanicum?
1181 3514 1281 3568 Audio

279 3581 397 3664 sponsam
421 3584 506 3641 ruem'
522 3589 629 3643 Domiti
651 3586 783 3664 Walopi,
809 3587 941 3650 Ginensts
954 3589 1015 3646 alim
1035 3609 1091 3645 cum
1112 3609 1154 3660 rgo
1176 3587 1281 3648 Caleti

285 3661 355 3738 effrm
367 3659 502 3739 presidii,
528 3683 632 3724 uxurtm
643 3665 736 3724 habere
749 3677 931 3725 materteram.
971 3672 1037 3723 Dens
1048 3667 1106 3724 bone
1119 3685 1201 3799 quas?
1214 3668 1281 3740 pul-

1174 3764 1277 3800 diram
