2644 4466
295 231 343 300 ῃ
379 189 547 280 ΕΡῙὸΤ.
570 199 694 280 Fam.
718 200 792 278 AD
812 203 845 300 J.
866 203 1190 280 STURMIUM.

593 448 830 534 Er1sr.
877 399 955 540 Iu.
1119 421 1122 430 ’

382 587 739 674 ROGERUS
783 593 1179 678 ASCHAMUS

460 715 699 818 JOANNI
721 713 987 796 sturmo
1018 721 1098 796 tr.

292 871 294 878 ⁴
395 865 527 945 Trasque
538 865 635 926 literas
646 881 721 938 tuat,
729 865 843 946 optime
854 870 967 932 [stannes
978 871 1090 939 Stat-mi,
1112 867 1142 928 δι
1154 863 1271 948 superi.

300 993 304 1002 .
414 964 478 1008 ores
491 943 797 1020 Nouissimam&
811 947 986 1006 recentiores
995 943 1052 1006 XV
1053 945 1104 1006 Ill.
1110 946 1271 1003 Novembris

296 1023 333 1086 ad
345 1020 508 1098 mamillas,
525 1020 649 1082 tradidit
659 1019 735 1084 mihi
744 1021 873 1100 prudens
886 1025 942 1096 vir,
966 1023 996 1084 δι
1006 1043 1088 1084 nunc
1097 1023 1268 1086 communit

294 1100 394 1166 noster
401 1102 512 1164 amicus
525 1099 843 1179 clariflophorusldmtias.
869 1099 993 1167 Summo
1027 1100 1114 1164 audio
1128 1099 1268 1180 utrasque

294 1182 366 1259 legi,
387 1181 616 1257 frequenterque
637 1179 715 1256 lego,
741 1177 771 1238 &
795 1178 830 1238 ab
856 1181 995 1242 earumle
1028 1181 1095 1240 'one
1111 1197 1268 1258 nunquam

293 1258 424 1334 discedo,
446 1256 500 1318 nist
513 1276 596 1316 novae
610 1253 723 1333 semper
733 1257 900 1318 cumtdatus
924 1256 1265 1336 accellionevoluptatis.

295 1335 438 1410 Laudem,
461 1355 552 1414 quam
573 1332 679 1396 tribuis
695 1332 779 1406 mihi,
801 1350 836 1394 ut
848 1337 970 1396 alierum
982 1355 1043 1397 non
1053 1335 1191 1416 agnosco,
1214 1333 1268 1398 sed

222 1428 225 1437 ¹
293 1431 434 1493 unquam
450 1410 568 1484 vestem
591 1411 666 1472 mihi
688 1409 809 1489 quidem
829 1410 994 1474 humaniter
1015 1413 1194 1495 impolitam,
1214 1411 1269 1476 sed

185 1523 187 1530 >
293 1490 635 1628 parumtonp'ruentem,
660 1488 786 1550 libenter
796 1509 867 1579 cum
880 1493 986 1552 rubore
998 1511 1085 1564 exuo,
1114 1489 1267 1571 judicium

292 1587 393 1636 nmen
411 1573 461 1630 lau
482 1569 519 1642 is,
543 1585 604 1628 tam
622 1564 731 1628 laudati
748 1568 815 1642 viri,
840 1570 873 1630 in
894 1568 1008 1630 summa
1031 1569 1116 1632 laude
1138 1569 1176 1631 de
1197 1587 1267 1632 uto.

291 1647 395 1710 Suavis
409 1667 449 1720 es,
472 1649 504 1712 iu
516 1664 593 1718 meo,
618 1662 653 1704 ut
665 1663 699 1704 tu
711 1645 785 1706 dicis
802 1665 870 1724 erga
882 1663 921 1721 te,
946 1669 1024 1709 tato
1036 1669 1143 1721 amore,
1211 1669 1268 1728 pa-

292 1728 363 1794 teris
375 1723 430 1788 elle
446 1743 616 1798 totumne
629 1723 650 1783 st
662 1725 766 1784 oculos
781 1727 899 1803 aperiat,
912 1746 928 1785 a
940 1744 969 1786 te
978 1725 1115 1800 discedat,
1129 1719 1268 1790 &trans-

292 1799 403 1868 lentur
426 1806 458 1865 in
471 1803 572 1862 alium.
611 1800 713 1862 Caecus
732 1821 823 1874 amor,
850 1805 893 1866 mi
907 1809 1019 1878 sturmi,
1041 1825 1133 1886 vagus
1150 1803 1204 1878 est,
1232 1805 1266 1866 dt

292 1900 386 1954 errem
410 1881 528 1957 &quia
550 1878 665 1956 diligit,
686 1899 748 1940 non
764 1878 884 1958 deligit,
908 1903 1038 1961 praeceps
1052 1903 1112 1944 non
1125 1879 1265 1946 tonstam

290 1956 346 2020 olle
364 1959 446 2020 solet.
487 1955 543 2018 Sed
555 1977 638 2038 meus
657 1959 689 2017 in
703 1975 803 2017 tetam
816 1961 951 2020 oculatus
963 1959 1013 2032 est,
1035 1961 1065 2024 dc
1086 1962 1177 2034 srvis,
1199 1978 1266 2024 tam

290 2045 413 2116 lynceus,
431 2037 567 2108 utnulla,
580 2052 744 2108 nonterm,
768 2044 936 2095 nonoceani
949 2038 1144 2120 intercapedo,
1165 2037 1266 2110 aciem

290 2117 356 2191 eius
370 2114 511 2194 impedire
524 2111 616 2193 poffit,
640 2116 713 2190 quin
737 2113 899 2192 longissime
921 2133 1053 2195 penetret
1074 2117 1216 2186 &facile
1230 2119 1265 2180 in

291 2191 433 2258 tendatur
443 2191 553 2264 ardore,
566 2192 618 2252 ubi
629 2189 753 2252 illustres
764 2195 882 2254 virtutis
893 2193 1088 2272 dollrinaequt
1097 2193 1175 2256 faces
1186 2213 1266 2275 prae-

289 2270 461 2332 tenduntur.
483 2267 992 2351 Quodvis,utriusqueepistolamln
1004 2275 1101 2334 lucem
1112 2293 1267 2353 apparere,

290 2350 322 2412 dt
335 2346 437 2410 testem
448 2345 555 2409 exstare
568 2367 715 2428 perpetuo
728 2349 805 2410 inter
817 2370 872 2412 nos
882 2350 1037 2425 charitatis,
1051 2349 1123 2412 facis
1134 2351 1268 2428 quidem

177 2445 180 2452 ’
289 2447 352 2490 non
377 2428 454 2507 plus,
480 2446 570 2505 quam
594 2425 655 2503 ipse
678 2444 797 2505 exopto,
819 2430 887 2505 plus
905 2447 1003 2490 tamen
1020 2447 1189 2509 quamego,
1210 2433 1267 2494 vel

287 2523 488 2584 aquoquam,
512 2505 569 2564 stne
592 2521 661 2564 nota
683 2504 894 2584 impudentia,
916 2509 964 2567 vel
983 2529 998 2566 a
1017 2523 1063 2580 te,
1085 2507 1143 2568 fine
1166 2507 1270 2589 suspi.
1304 2575 1307 2587 Ι

288 2585 376 2648 tione
396 2582 610 2661 imprudentiae,
636 2581 789 2661 efflagitare
803 2603 889 2661 queo,
918 2586 947 2645 δι
966 2588 1035 2662 quia
1054 2603 1089 2646 tu
1111 2605 1159 2645 me
1183 2585 1274 2649 facis

289 2661 501 2741 impudentem,
527 2660 582 2720 nist
604 2659 664 2795 ipse
687 2664 769 2722 aliter·
794 2664 848 2734 vis,
871 2664 900 2723 δι
922 2664 976 2740 nist
992 2662 1059 2742 ipsa
1080 2665 1170 2724 litero
1196 2663 1266 2740 jam

288 2738 357 2801 sunt
381 2737 542 2818 impressori
565 2755 608 2797 tra
630 2740 692 2812 itae,
718 2741 863 2818 imprimis
888 2761 1042 2819 cuperem,
1066 2759 1101 2804 ut
1125 2737 1267 2818 epistola

287 2814 391 2880 uostrae
409 2819 536 2894 aliquam
555 2817 698 2952 religuam
714 2819 849 2895 paginam
869 2837 1056 2899 occuparent,
1079 2823 1112 2880 in
1129 2820 1270 2901 dialogis

288 2896 349 2956 tuis
363 2896 540 2971 Aristotelicas.
579 2893 607 2952 se
651 2892 737 2956 stulte
761 2895 817 2955 hoc
841 2915 919 2974 peto,
942 2919 1011 2958 cum
1034 2897 1156 2970 tuscis,
1181 2899 1268 2974 quid

285 2970 466 3050 potissimum
488 2970 664 3033 faciendum.
689 2972 868 3046 haecl'cribo,
894 2977 962 3053 quia
983 2995 1086 3036 vereor
1103 2997 1140 3035 ne
1160 2975 1267 3040 litera

288 3067 360 3112 mea
378 3051 465 3110 nimis
487 3047 613 3110 molesta:
634 3051 698 3125 sint,
724 3051 984 3128 &quodammodo
1004 3073 1078 3132 agre
1102 3055 1211 3128 ferant,
1242 3057 1268 3120 fi

285 3129 321 3184 ab
348 3129 399 3186 illo
423 3128 499 3188 libro
520 3127 549 3187 se
571 3145 696 3200 arentur,
720 3131 808 3204 cujus
829 3149 890 3190 tam
913 3131 1046 3211 cupidae,
1068 3151 1194 3210 petates,
1230 3138 1268 3200 ὃς

284 3197 479 3269 marmorati
502 3147 680 3266 exliiterunt.
733 3208 936 3285 Quanquam,
970 3209 1051 3287 quod
1086 3212 1269 3290 polliceor,

285 3301 347 3344 nou
369 3301 515 3342 contenta·
533 3282 639 3355 solum,
662 3283 711 3344 sed
724 3305 860 3363 perquam
875 3285 978 3348 hilares
998 3301 1094 3358 erunt,
1118 3288 1185 3348 stin
1207 3291 1268 3352 so-

285 3362 423 3426 cietatem
448 3363 595 3420 literarum
617 3381 733 3423 tuarum
760 3367 819 3424 ulla
846 3368 954 3425 ratione
980 3365 1178 3428 admittantur.
1226 3371 1267 3434 Si

284 3437 361 3499 liber
386 3455 455 3498 tuus
479 3441 663 3514 imprimatur
685 3444 716 3502 in
731 3441 862 3516 Quarto,
886 3462 919 3504 ut
932 3447 1112 3519 loquuntur,
1138 3464 1200 3504 non
1225 3449 1267 3512 in

287 3513 411 3588 Odlavo,
428 3517 505 3591 quod
517 3517 578 3578 fere
590 3519 623 3578 lit
633 3520 663 3577 in
673 3522 732 3580 tuis
742 3520 865 3598 scriptis,
878 3543 933 3598 ego
944 3527 1035 3599 magis
1045 3523 1265 3601 approbarem:

287 3593 316 3653 δι
332 3597 464 3651 Gallornm
479 3596 509 3654 in
523 3617 553 3653 ea
574 3616 604 3655 re
619 3617 687 3656 cum
700 3595 854 3670 solertiam,
865 3617 930 3659 tum
949 3604 1124 3678 elegantiam
1136 3599 1267 3682 semper

287 3671 384 3734 laudo.
423 3671 521 3736 Totus
548 3675 653 3750 gaudio
675 3676 878 3754 perfundebar,
903 3679 1069 3754 misturam,
1091 3699 1159 3743 cum
1180 3685 1266 3744 reni

1212 3761 1264 3858 ‘ad
