2606 4454
256 325 344 410 130
413 296 753 382 Iusrourum
790 288 1077 400 Vmotutu

249 459 497 570 gitatamque
514 458 557 540 in
578 456 788 565 lucemque
806 454 1074 566 protradam,
1119 455 1168 541 ob
1181 456 1237 542 di-

250 593 503 680 {tinctionem
529 613 609 676 tam
638 589 907 702 frequentium
927 593 1163 704 populorum
1178 621 1233 678 ar·

250 761 315 818 tna
331 730 374 811 in
392 729 621 814 Orientales
639 780 653 822 ,
699 727 859 837 pietatis
878 728 1051 839 quadam
1071 730 1230 844 petsunst·

251 897 331 958 one
349 867 615 956 sumentium,
662 893 746 948 non
760 863 860 955 adeo
878 895 976 960 vero
994 868 1050 958 est
1069 867 1237 959 abstnise·

251 1012 387 1116 Atque
415 1009 472 1089 ita
501 1003 656 1088 videtur
682 1029 743 1086 res
767 1030 813 1086 ea
837 1004 942 1088 inter
964 1007 1239 1120 nobiligeuete

251 1167 368 1228 natos
389 1192 401 1234 ,
448 1150 489 1223 &
510 1141 672 1224 militari
704 1139 850 1225 virtute
871 1142 1048 1228 celebres
1064 1147 1108 1228 in
1127 1167 1238 1235 artem

252 1281 358 1391 quast
392 1279 591 1369 dedusta,
638 1275 956 1390 hereditariaque
974 1279 1124 1378 fasta,
1164 1309 1239 1392 quo

251 1419 345 1504 inde
365 1416 538 1507 familiae,
560 1440 605 1502 ut
627 1421 666 1496 &
686 1443 734 1498 ex
755 1420 1053 1529 cognomentis,
1080 1448 1163 1531 quc
1180 1416 1241 1508 vel

250 1556 358 1648 nulla
388 1554 451 1638 vel
485 1555 535 1638 ab
558 1555 696 1663 aliquo
731 1551 887 1638 defedtu
916 1578 1009 1642 ante
1038 1555 1242 1674 distingue-

252 1697 425 1783 bantur,
470 1689 684 1774 internosci
705 1691 892 1804 deinceps
927 1693 1067 1780 melius
1083 1693 1243 1806 possent.

252 1833 293 1924 Si
306 1835 394 1942 quis
411 1829 460 1910 iis
476 1829 644 1911 certiora
660 1829 849 1920 attulerit,
868 1831 1037 1916 libenter
1045 1838 1083 1922 ei
1102 1831 1242 1921 cedant.

228 1971 347 2082 ³Hoc
372 1965 639 2050 nihilominus
665 1966 876 2087 asseverare
891 1967 1060 2079 possum
1096 1970 1243 2061 nullum

250 2138 314 2194 me
338 2106 488 2219 signum
505 2101 641 2188 vidisse
676 2097 973 2217 (srgillumnon
993 2103 1110 2202 dico,
1146 2105 1244 2217 capi·

250 2271 289 2338 te
314 2245 468 2356 quippe
495 2239 659 2348 alicujus
687 2242 725 2325 S.
763 2243 826 2325 vel
854 2243 1052 2354 Principis
1065 2245 1244 2359 insignita

250 2383 367 2497 vidi)
405 2379 598 2488 ejusmodi
619 2377 730 2488 quod
742 2400 834 2462 ante
854 2377 1002 2466 annum
1029 2379 1245 2483 1198.d³·

249 2546 333 2606 tum
352 2518 440 2602 fuit.
512 2519 726 2627 dsafflnius
746 2514 883 2603 laudat
907 2523 1246 2607 Memoranttorurn

247 2661 406 2774 Insigne
421 2661 444 2740 ὲ
460 2653 632 2739 sevisum
650 2651 786 2764 paullo
806 2656 1006 2766 antiquius
1025 2685 1135 2744 anno
1144 2683 1245 2742 nem·

248 2825 300 2906 pc
333 2825 349 2876 1
369 2821 473 2898 179.
544 2791 646 2872 Non
676 2789 788 2899 quod
807 2793 955 2878 exstare
975 2821 1154 2905 negem,
1185 2788 1246 2876 sed

248 2964 337 3017 raro
383 2929 597 3014 admodum
634 2951 773 3037 putem
809 2927 1133 3040 Imperatorum,
1166 2931 1245 3016 Re·

249 3101 357 3181 gum,
382 3068 612 3176 Principum
630 3064 853 3173 diplomata
868 3067 1021 3154 firmata
1040 3071 1168 3160 olim,
1185 3065 1244 3152 vel

249 3236 387 3288 munus
406 3201 713 3313 subscriptione,
750 3201 812 3284 vel
834 3205 952 3316 srgilli
963 3207 1097 3318 effigie
1117 3207 1243 3318 aliqua

247 3344 377 3428 notati
395 3341 669 3451 impressione,
706 3339 768 3422 vel
791 3342 1023 3450 principalis
1051 3345 1241 3436 charaste·

247 3486 300 3567 ris
320 3479 564 3586 expressione
582 3525 596 3576 3
640 3475 726 3557 sero
745 3503 840 3560 vero
858 3478 1022 3589 Imperii
1043 3532 1055 3572 ,
1093 3480 1236 3595 Regni,

247 3619 311 3704 vel
340 3615 491 3701 familia
519 3617 629 3727 srgna
663 3610 808 3698 additu.
878 3615 944 3700 Ad
971 3619 1242 3709 Hellanditurtt

1080 3758 1244 3844 Leonem
