<?xml version="1.0" encoding="UTF-8"?>
<!DOCTYPE html PUBLIC "-//W3C//DTD XHTML 1.0 Transitional//EN"
    "http://www.w3.org/TR/xhtml1/DTD/xhtml1-transitional.dtd">
<html xmlns="http://www.w3.org/1999/xhtml" xml:lang="en" lang="en">
 <head>
  <title>
</title>
<meta http-equiv="Content-Type" content="text/html;charset=utf-8" />
  <meta name='ocr-system' content='tesseract 3.04.00' />
  <meta name='ocr-capabilities' content='ocr_page ocr_carea ocr_par ocr_line ocrx_word'/>
</head>
<body>
  <div class='ocr_page' id='page_1' title='image "./rogeriaschamiep00sturgoog_0831.png"; bbox 0 0 2646 4448; ppageno 0'>
   <div class='ocr_carea' id='block_1_1' title="bbox 228 199 1186 350">
    <p class='ocr_par' dir='ltr' id='par_1_1' title="bbox 228 199 1186 350">
     <span class='ocr_line' id='line_1_1' title="bbox 228 199 1186 350; baseline -0.003 -39"><span class='ocrx_word' id='word_1_1' title='bbox 228 210 293 311; x_wconf 81' lang='lat' dir='ltr'><strong>o.</strong></span> <span class='ocrx_word' id='word_1_2' title='bbox 321 206 375 309; x_wconf 80' lang='lat' dir='ltr'><strong>e.</strong></span> <span class='ocrx_word' id='word_1_3' title='bbox 404 207 822 308; x_wconf 74' lang='lat' dir='ltr'><strong>eeuuuuot</strong></span> <span class='ocrx_word' id='word_1_4' title='bbox 869 199 1047 308; x_wconf 74' lang='lat' dir='ltr'><strong>uisu.</strong></span> <span class='ocrx_word' id='word_1_5' title='bbox 1089 199 1186 350; x_wconf 77' lang='lat'><strong>37</strong></span> 
     </span>
    </p>
   </div>
   <div class='ocr_carea' id='block_1_2' title="bbox 0 368 1291 1382">
    <p class='ocr_par' dir='ltr' id='par_1_2' title="bbox 0 368 1291 1382">
     <span class='ocr_line' id='line_1_2' title="bbox 123 368 1291 488; baseline 0.005 -36.449"><span class='ocrx_word' id='word_1_6' title='bbox 123 368 253 461; x_wconf 77' lang='lat' dir='ltr'><strong>exusti</strong></span> <span class='ocrx_word' id='word_1_7' title='bbox 278 370 427 458; x_wconf 85' lang='lat' dir='ltr'>bilance</span> <span class='ocrx_word' id='word_1_8' title='bbox 458 371 664 486; x_wconf 68' lang='lat' dir='ltr'><strong>expendit:</strong></span> <span class='ocrx_word' id='word_1_9' title='bbox 682 393 727 458; x_wconf 94' lang='lat' dir='ltr'><strong>ut</strong></span> <span class='ocrx_word' id='word_1_10' title='bbox 756 375 910 460; x_wconf 83' lang='lat' dir='ltr'><strong>illorum</strong></span> <span class='ocrx_word' id='word_1_11' title='bbox 930 377 1152 488; x_wconf 75' lang='lat' dir='ltr'><strong>valor-cum</strong></span> <span class='ocrx_word' id='word_1_12' title='bbox 1229 407 1291 470; x_wconf 48' lang='grc' dir='ltr'><strong>π,</strong></span> 
     </span>
     <span class='ocr_line' id='line_1_3' title="bbox 4 478 1274 600; baseline 0.006 -36"><span class='ocrx_word' id='word_1_13' title='bbox 4 478 32 555; x_wconf 71' lang='lat' dir='ltr'><strong>i:</strong></span> <span class='ocrx_word' id='word_1_14' title='bbox 126 483 304 589; x_wconf 88' lang='lat' dir='ltr'><strong>pondere</strong></span> <span class='ocrx_word' id='word_1_15' title='bbox 321 487 482 570; x_wconf 81' lang='lat' dir='ltr'><strong>collatus</strong></span> <span class='ocrx_word' id='word_1_16' title='bbox 501 487 637 570; x_wconf 88' lang='lat' dir='ltr'><strong>mellus</strong></span> <span class='ocrx_word' id='word_1_17' title='bbox 653 485 806 600; x_wconf 90' lang='lat' dir='ltr'><strong>liqueat,</strong></span> <span class='ocrx_word' id='word_1_18' title='bbox 833 485 940 571; x_wconf 85' lang='lat' dir='ltr'><strong>&amp;de</strong></span> <span class='ocrx_word' id='word_1_19' title='bbox 967 483 1069 572; x_wconf 87' lang='lat' dir='ltr'><strong>utris</strong></span> <span class='ocrx_word' id='word_1_20' title='bbox 1090 481 1150 590; x_wconf 73' lang='lat' dir='ltr'><strong>ue,</strong></span> <span class='ocrx_word' id='word_1_21' title='bbox 1178 509 1213 542; x_wconf 32' lang='grc' dir='ltr'>Ἀ</span> <span class='ocrx_word' id='word_1_22' title='bbox 1257 561 1274 588; x_wconf 73' lang='grc'>,</span> 
     </span>
     <span class='ocr_line' id='line_1_4' title="bbox 1 513 1275 710; baseline 0.01 -40"><span class='ocrx_word' id='word_1_23' title='bbox 1 617 32 671; x_wconf 81' lang='lat' dir='ltr'><strong>·.z</strong></span> <span class='ocrx_word' id='word_1_24' title='bbox 124 590 215 680; x_wconf 83' lang='lat' dir='ltr'><strong>lixis</strong></span> <span class='ocrx_word' id='word_1_25' title='bbox 244 595 345 710; x_wconf 81' lang='lat' dir='ltr'><strong>quast</strong></span> <span class='ocrx_word' id='word_1_26' title='bbox 375 595 635 710; x_wconf 82' lang='lat' dir='ltr'><strong>hujuscemodi</strong></span> <span class='ocrx_word' id='word_1_27' title='bbox 667 598 837 701; x_wconf 75' lang='lat' dir='ltr'><strong>stateris,</strong></span> <span class='ocrx_word' id='word_1_28' title='bbox 874 621 1035 710; x_wconf 85' lang='lat' dir='ltr'><strong>quarum</strong></span> <span class='ocrx_word' id='word_1_29' title='bbox 1056 513 1150 682; x_wconf 76' lang='lat' dir='ltr'><strong>sides</strong></span> <span class='ocrx_word' id='word_1_30' title='bbox 1273 599 1275 601; x_wconf 75' lang='grc'><strong>’</strong></span> 
     </span>
     <span class='ocr_line' id='line_1_5' title="bbox 1 706 1149 822; baseline 0.007 -36"><span class='ocrx_word' id='word_1_31' title='bbox 1 711 8 775; x_wconf 74' lang='lat' dir='ltr'><strong>l</strong></span> <span class='ocrx_word' id='word_1_32' title='bbox 120 709 327 820; x_wconf 76' lang='lat' dir='ltr'><strong>explorata</strong></span> <span class='ocrx_word' id='word_1_33' title='bbox 346 706 522 810; x_wconf 88' lang='lat' dir='ltr'><strong>habetur,</strong></span> <span class='ocrx_word' id='word_1_34' title='bbox 553 709 873 794; x_wconf 81' lang='lat' dir='ltr'><strong>certiusconllote</strong></span> <span class='ocrx_word' id='word_1_35' title='bbox 893 708 1017 822; x_wconf 79' lang='lat' dir='ltr'><strong>polilt.</strong></span> <span class='ocrx_word' id='word_1_36' title='bbox 1056 715 1149 794; x_wconf 82' lang='lat' dir='ltr'><strong>Fru-</strong></span> 
     </span>
     <span class='ocr_line' id='line_1_6' title="bbox 1 817 1150 933; baseline 0.003 -31"><span class='ocrx_word' id='word_1_37' title='bbox 1 866 12 902; x_wconf 54' lang='lat'><em>0</em></span> <span class='ocrx_word' id='word_1_38' title='bbox 123 817 197 912; x_wconf 77' lang='lat' dir='ltr'><strong>stra</strong></span> <span class='ocrx_word' id='word_1_39' title='bbox 214 841 344 904; x_wconf 86' lang='lat' dir='ltr'><strong>autem</strong></span> <span class='ocrx_word' id='word_1_40' title='bbox 369 820 417 904; x_wconf 88' lang='lat' dir='ltr'><strong>de</strong></span> <span class='ocrx_word' id='word_1_41' title='bbox 444 822 557 930; x_wconf 89' lang='lat' dir='ltr'><strong>hujus</strong></span> <span class='ocrx_word' id='word_1_42' title='bbox 579 819 699 905; x_wconf 84' lang='lat' dir='ltr'><strong>libelli</strong></span> <span class='ocrx_word' id='word_1_43' title='bbox 725 819 954 907; x_wconf 81' lang='lat' dir='ltr'>obscuritate</span> <span class='ocrx_word' id='word_1_44' title='bbox 984 847 1150 933; x_wconf 87' lang='lat' dir='ltr'><strong>querun-</strong></span> 
     </span>
     <span class='ocr_line' id='line_1_7' title="bbox 6 927 1152 1046; baseline 0.008 -32"><span class='ocrx_word' id='word_1_45' title='bbox 6 953 28 1040; x_wconf 65' lang='lat' dir='ltr'><strong>t</strong></span> <span class='ocrx_word' id='word_1_46' title='bbox 127 950 192 1026; x_wconf 81' lang='lat' dir='ltr'><strong>tur</strong></span> <span class='ocrx_word' id='word_1_47' title='bbox 212 933 357 1044; x_wconf 86' lang='lat' dir='ltr'><strong>aliqui,</strong></span> <span class='ocrx_word' id='word_1_48' title='bbox 385 958 467 1046; x_wconf 85' lang='lat' dir='ltr'><strong>quae</strong></span> <span class='ocrx_word' id='word_1_49' title='bbox 498 931 566 1016; x_wconf 86' lang='lat' dir='ltr'><strong>fibi</strong></span> <span class='ocrx_word' id='word_1_50' title='bbox 598 933 719 1032; x_wconf 92' lang='lat' dir='ltr'><strong>solis,</strong></span> <span class='ocrx_word' id='word_1_51' title='bbox 753 935 795 1016; x_wconf 89' lang='lat' dir='ltr'><strong>in</strong></span> <span class='ocrx_word' id='word_1_52' title='bbox 820 928 931 1018; x_wconf 85' lang='lat' dir='ltr'><strong>rebus</strong></span> <span class='ocrx_word' id='word_1_53' title='bbox 966 927 1152 1042; x_wconf 86' lang='lat' dir='ltr'><strong>ejusmodi</strong></span> 
     </span>
     <span class='ocr_line' id='line_1_8' title="bbox 120 1041 1149 1159; baseline 0.011 -36.822"><span class='ocrx_word' id='word_1_54' title='bbox 120 1041 352 1156; x_wconf 79' lang='lat' dir='ltr'><strong>indagandis</strong></span> <span class='ocrx_word' id='word_1_55' title='bbox 387 1043 569 1130; x_wconf 78' lang='lat' dir='ltr'><strong>hasienus</strong></span> <span class='ocrx_word' id='word_1_56' title='bbox 596 1071 734 1159; x_wconf 86' lang='lat' dir='ltr'><strong>parum</strong></span> <span class='ocrx_word' id='word_1_57' title='bbox 767 1043 938 1145; x_wconf 84' lang='lat' dir='ltr'><strong>versatis,</strong></span> <span class='ocrx_word' id='word_1_58' title='bbox 981 1047 1149 1155; x_wconf 84' lang='lat' dir='ltr'><strong>(neque</strong></span> 
     </span>
     <span class='ocr_line' id='line_1_9' title="bbox 122 1153 1147 1267; baseline 0.007 -34.155"><span class='ocrx_word' id='word_1_59' title='bbox 122 1157 228 1238; x_wconf 91' lang='lat' dir='ltr'><strong>enim</strong></span> <span class='ocrx_word' id='word_1_60' title='bbox 249 1159 445 1240; x_wconf 83' lang='lat' dir='ltr'><strong>Elementa</strong></span> <span class='ocrx_word' id='word_1_61' title='bbox 464 1158 504 1239; x_wconf 92' lang='lat' dir='ltr'><strong>in</strong></span> <span class='ocrx_word' id='word_1_62' title='bbox 522 1175 728 1267; x_wconf 86' lang='lat' dir='ltr'><strong>puerorum</strong></span> <span class='ocrx_word' id='word_1_63' title='bbox 743 1177 811 1240; x_wconf 88' lang='lat' dir='ltr'><strong>aut</strong></span> <span class='ocrx_word' id='word_1_64' title='bbox 837 1160 914 1267; x_wconf 82' lang='lat' dir='ltr'><strong>jam</strong></span> <span class='ocrx_word' id='word_1_65' title='bbox 927 1153 1069 1240; x_wconf 87' lang='lat' dir='ltr'><strong>discere</strong></span> <span class='ocrx_word' id='word_1_66' title='bbox 1088 1159 1147 1240; x_wconf 89' lang='lat' dir='ltr'><strong>in·</strong></span> 
     </span>
     <span class='ocr_line' id='line_1_10' title="bbox 0 1262 1146 1382; baseline 0.003 -34"><span class='ocrx_word' id='word_1_67' title='bbox 0 1341 1 1348; x_wconf 79' lang='grc' dir='ltr'><strong><em>Ν</em></strong></span> <span class='ocrx_word' id='word_1_68' title='bbox 121 1267 350 1374; x_wconf 88' lang='lat' dir='ltr'><strong>cipientinm</strong></span> <span class='ocrx_word' id='word_1_69' title='bbox 376 1267 485 1352; x_wconf 90' lang='lat' dir='ltr'><strong>usum</strong></span> <span class='ocrx_word' id='word_1_70' title='bbox 505 1262 664 1382; x_wconf 85' lang='lat' dir='ltr'><strong>scripsu)</strong></span> <span class='ocrx_word' id='word_1_71' title='bbox 692 1271 754 1352; x_wconf 87' lang='lat' dir='ltr'><strong>vel</strong></span> <span class='ocrx_word' id='word_1_72' title='bbox 784 1265 915 1351; x_wconf 83' lang='lat' dir='ltr'><strong>saltem</strong></span> <span class='ocrx_word' id='word_1_73' title='bbox 941 1296 1021 1352; x_wconf 89' lang='lat' dir='ltr'><strong>non</strong></span> <span class='ocrx_word' id='word_1_74' title='bbox 1037 1264 1146 1353; x_wconf 90' lang='lat' dir='ltr'><strong>debi-</strong></span> 
     </span>
    </p>
   </div>
   <div class='ocr_carea' id='block_1_3' title="bbox 118 1377 1226 1485">
    <p class='ocr_par' dir='ltr' id='par_1_3' title="bbox 0 1377 1226 1485">
     <span class='ocr_line' id='line_1_11' title="bbox 118 1377 1226 1485; baseline 0.006 -27.326"><span class='ocrx_word' id='word_1_75' title='bbox 118 1398 200 1460; x_wconf 88' lang='lat' dir='ltr'><strong>tam</strong></span> <span class='ocrx_word' id='word_1_76' title='bbox 228 1381 367 1464; x_wconf 89' lang='lat' dir='ltr'><strong>mentis</strong></span> <span class='ocrx_word' id='word_1_77' title='bbox 387 1381 643 1466; x_wconf 88' lang='lat' dir='ltr'><strong>intentionem</strong></span> <span class='ocrx_word' id='word_1_78' title='bbox 669 1377 956 1485; x_wconf 83' lang='lat' dir='ltr'><strong>adhibentibus,</strong></span> <span class='ocrx_word' id='word_1_79' title='bbox 991 1381 1144 1466; x_wconf 87' lang='lat' dir='ltr'><strong>meliori</strong></span> <span class='ocrx_word' id='word_1_80' title='bbox 1225 1453 1226 1456; x_wconf 79' lang='grc' dir='ltr'><strong><em>Ν</em></strong></span> 
     </span>
    </p>
   </div>
   <div class='ocr_carea' id='block_1_4' title="bbox 116 1489 487 1602">
    <p class='ocr_par' dir='ltr' id='par_1_4' title="bbox 4 1489 487 1602">
     <span class='ocr_line' id='line_1_12' title="bbox 116 1489 487 1602; baseline 0.017 -29.145"><span class='ocrx_word' id='word_1_81' title='bbox 116 1492 202 1599; x_wconf 85' lang='lat' dir='ltr'><strong>jure</strong></span> <span class='ocrx_word' id='word_1_82' title='bbox 220 1489 487 1602; x_wconf 85' lang='lat' dir='ltr'><strong>imputabitur.</strong></span> 
     </span>
    </p>
   </div>
   <div class='ocr_carea' id='block_1_5' title="bbox 0 1713 1140 4285">
    <p class='ocr_par' dir='ltr' id='par_1_5' title="bbox 0 1713 1140 3168">
     <span class='ocr_line' id='line_1_13' title="bbox 0 1713 1140 1818; baseline 0.004 -22"><span class='ocrx_word' id='word_1_83' title='bbox 0 1789 19 1810; x_wconf 52' lang='grc' dir='ltr'><strong>Ν,</strong></span> <span class='ocrx_word' id='word_1_84' title='bbox 176 1719 222 1800; x_wconf 86' lang='lat' dir='ltr'><strong>ll.</strong></span> <span class='ocrx_word' id='word_1_85' title='bbox 250 1713 401 1798; x_wconf 78' lang='lat' dir='ltr'><strong>Privato</strong></span> <span class='ocrx_word' id='word_1_86' title='bbox 416 1717 631 1818; x_wconf 83' lang='lat' dir='ltr'><strong>Devotiom,</strong></span> <span class='ocrx_word' id='word_1_87' title='bbox 647 1718 687 1802; x_wconf 93' lang='lat' dir='ltr'><strong>in</strong></span> <span class='ocrx_word' id='word_1_88' title='bbox 709 1743 781 1801; x_wconf 83' lang='lat'><strong>12⁰.</strong></span> <span class='ocrx_word' id='word_1_89' title='bbox 807 1717 958 1806; x_wconf 84' lang='lat' dir='ltr'><strong>Oxonii</strong></span> <span class='ocrx_word' id='word_1_90' title='bbox 973 1714 995 1803; x_wconf 75' lang='lat' dir='ltr'><strong>e</strong></span> <span class='ocrx_word' id='word_1_91' title='bbox 1009 1716 1140 1800; x_wconf 79' lang='lat' dir='ltr'><strong>Thea·</strong></span> 
     </span>
     <span class='ocr_line' id='line_1_14' title="bbox 1 1824 1140 1940; baseline 0.007 -38"><span class='ocrx_word' id='word_1_92' title='bbox 1 1879 17 1924; x_wconf 66' lang='grc' dir='ltr'><strong>Ν,</strong></span> <span class='ocrx_word' id='word_1_93' title='bbox 119 1840 182 1907; x_wconf 91' lang='lat' dir='ltr'><strong>tro</strong></span> <span class='ocrx_word' id='word_1_94' title='bbox 197 1827 565 1912; x_wconf 71' lang='lat' dir='ltr'><strong>MDCLXXXJX.</strong></span> <span class='ocrx_word' id='word_1_95' title='bbox 599 1832 636 1912; x_wconf 92' lang='lat' dir='ltr'><strong>b.</strong></span> <span class='ocrx_word' id='word_1_96' title='bbox 661 1857 693 1912; x_wconf 89' lang='lat' dir='ltr'><strong>e.</strong></span> <span class='ocrx_word' id='word_1_97' title='bbox 723 1850 766 1911; x_wconf 90' lang='lat' dir='ltr'><strong>ut</strong></span> <span class='ocrx_word' id='word_1_98' title='bbox 781 1824 897 1940; x_wconf 83' lang='lat' dir='ltr'><strong>paulb</strong></span> <span class='ocrx_word' id='word_1_99' title='bbox 915 1827 1029 1910; x_wconf 91' lang='lat' dir='ltr'><strong>latius</strong></span> <span class='ocrx_word' id='word_1_100' title='bbox 1047 1832 1140 1910; x_wconf 76' lang='lat' dir='ltr'><strong>titu-</strong></span> 
     </span>
     <span class='ocr_line' id='line_1_15' title="bbox 0 1934 1140 2052; baseline 0.005 -36"><span class='ocrx_word' id='word_1_101' title='bbox 0 2001 4 2016; x_wconf 58' lang='grc' dir='ltr'><strong><em>Ν</em></strong></span> <span class='ocrx_word' id='word_1_102' title='bbox 115 1939 199 2028; x_wconf 83' lang='lat' dir='ltr'><strong>lum</strong></span> <span class='ocrx_word' id='word_1_103' title='bbox 212 1939 398 2049; x_wconf 79' lang='lat' dir='ltr'><strong>explicem</strong></span> <span class='ocrx_word' id='word_1_104' title='bbox 416 1969 426 2022; x_wconf 75' lang='grc' dir='ltr'><em>τ</em></span> <span class='ocrx_word' id='word_1_105' title='bbox 452 1939 640 2025; x_wconf 81' lang='lat' dir='ltr'><strong>Exercitia</strong></span> <span class='ocrx_word' id='word_1_106' title='bbox 647 1940 872 2052; x_wconf 78' lang='lat' dir='ltr'><strong>spiritualia,</strong></span> <span class='ocrx_word' id='word_1_107' title='bbox 892 1934 1068 2023; x_wconf 72' lang='lat' dir='ltr'><strong>&amp;vitam</strong></span> <span class='ocrx_word' id='word_1_108' title='bbox 1080 1945 1140 2048; x_wconf 81' lang='lat' dir='ltr'><strong>pie</strong></span> 
     </span>
     <span class='ocr_line' id='line_1_16' title="bbox 8 2043 1139 2166; baseline 0.001 -34"><span class='ocrx_word' id='word_1_109' title='bbox 8 2095 16 2121; x_wconf 83' lang='lat'><strong>·</strong></span> <span class='ocrx_word' id='word_1_110' title='bbox 117 2043 168 2132; x_wconf 54' lang='grc' dir='ltr'><em>ὠ</em></span> <span class='ocrx_word' id='word_1_111' title='bbox 185 2048 376 2164; x_wconf 80' lang='lat' dir='ltr'><strong>Christiane</strong></span> <span class='ocrx_word' id='word_1_112' title='bbox 402 2053 615 2166; x_wconf 79' lang='lat' dir='ltr'><strong>instituendi</strong></span> <span class='ocrx_word' id='word_1_113' title='bbox 640 2052 841 2150; x_wconf 79' lang='lat' dir='ltr'><strong>methodus,</strong></span> <span class='ocrx_word' id='word_1_114' title='bbox 873 2079 952 2132; x_wconf 81' lang='lat' dir='ltr'><strong>cum</strong></span> <span class='ocrx_word' id='word_1_115' title='bbox 963 2052 1139 2162; x_wconf 81' lang='lat' dir='ltr'><strong>formulis</strong></span> 
     </span>
     <span class='ocr_line' id='line_1_17' title="bbox 111 2160 1138 2278; baseline 0.004 -37.52"><span class='ocrx_word' id='word_1_116' title='bbox 111 2183 350 2268; x_wconf 53' lang='lat' dir='ltr'><strong>prominulam</strong></span> <span class='ocrx_word' id='word_1_117' title='bbox 369 2168 409 2244; x_wconf 88' lang='lat' dir='ltr'><strong>in</strong></span> <span class='ocrx_word' id='word_1_118' title='bbox 429 2165 665 2278; x_wconf 77' lang='lat' dir='ltr'><strong>quotidianis,</strong></span> <span class='ocrx_word' id='word_1_119' title='bbox 684 2193 789 2277; x_wconf 80' lang='lat' dir='ltr'><strong>quoru</strong></span> <span class='ocrx_word' id='word_1_120' title='bbox 807 2171 846 2244; x_wconf 81' lang='lat' dir='ltr'><strong>in</strong></span> <span class='ocrx_word' id='word_1_121' title='bbox 854 2160 1065 2270; x_wconf 73' lang='lat' dir='ltr'><strong>fhiennibus</strong></span> <span class='ocrx_word' id='word_1_122' title='bbox 1082 2195 1138 2252; x_wconf 61' lang='lat' dir='ltr'><strong>reo</strong></span> 
     </span>
     <span class='ocr_line' id='line_1_18' title="bbox 117 2269 1138 2389; baseline 0.004 -36.49"><span class='ocrx_word' id='word_1_123' title='bbox 117 2275 264 2381; x_wconf 84' lang='lat' dir='ltr'><strong>ligionis</strong></span> <span class='ocrx_word' id='word_1_124' title='bbox 293 2271 430 2388; x_wconf 87' lang='lat' dir='ltr'><strong>officiis,</strong></span> <span class='ocrx_word' id='word_1_125' title='bbox 458 2305 537 2358; x_wconf 83' lang='lat' dir='ltr'><strong>cum</strong></span> <span class='ocrx_word' id='word_1_126' title='bbox 564 2275 748 2389; x_wconf 78' lang='lat' dir='ltr'><strong>quisquam</strong></span> <span class='ocrx_word' id='word_1_127' title='bbox 773 2277 853 2358; x_wconf 90' lang='lat' dir='ltr'><strong>Deo</strong></span> <span class='ocrx_word' id='word_1_128' title='bbox 875 2269 925 2362; x_wconf 56' lang='grc' dir='ltr'><em>ό</em></span> <span class='ocrx_word' id='word_1_129' title='bbox 941 2274 1011 2386; x_wconf 82' lang='lat' dir='ltr'><strong>fili</strong></span> <span class='ocrx_word' id='word_1_130' title='bbox 1028 2306 1138 2360; x_wconf 82' lang='lat' dir='ltr'><strong>vuca-</strong></span> 
     </span>
     <span class='ocr_line' id='line_1_19' title="bbox 1 2382 1137 2498; baseline 0.006 -36"><span class='ocrx_word' id='word_1_131' title='bbox 1 2413 3 2423; x_wconf 92' lang='grc'><em>·</em></span> <span class='ocrx_word' id='word_1_132' title='bbox 113 2390 224 2484; x_wconf 79' lang='lat' dir='ltr'><strong>vetit,</strong></span> <span class='ocrx_word' id='word_1_133' title='bbox 251 2389 346 2468; x_wconf 83' lang='lat' dir='ltr'><strong>ciam</strong></span> <span class='ocrx_word' id='word_1_134' title='bbox 364 2383 414 2470; x_wconf 60' lang='lat' dir='ltr'><strong>ei*</strong></span> <span class='ocrx_word' id='word_1_135' title='bbox 431 2391 471 2468; x_wconf 88' lang='lat' dir='ltr'><strong>in</strong></span> <span class='ocrx_word' id='word_1_136' title='bbox 491 2395 635 2496; x_wconf 84' lang='lat' dir='ltr'><strong>privato</strong></span> <span class='ocrx_word' id='word_1_137' title='bbox 652 2386 779 2498; x_wconf 76' lang='lat' dir='ltr'><strong>seceffit</strong></span> <span class='ocrx_word' id='word_1_138' title='bbox 805 2383 963 2469; x_wconf 78' lang='lat' dir='ltr'><strong>tuendis.</strong></span> <span class='ocrx_word' id='word_1_139' title='bbox 1023 2382 1137 2469; x_wconf 87' lang='lat' dir='ltr'><strong>Liber</strong></span> 
     </span>
     <span class='ocr_line' id='line_1_20' title="bbox 6 2494 1137 2610; baseline 0.007 -35"><span class='ocrx_word' id='word_1_140' title='bbox 6 2547 14 2567; x_wconf 39' lang='grc' dir='ltr'><strong>ε·</strong></span> <span class='ocrx_word' id='word_1_141' title='bbox 118 2494 209 2577; x_wconf 84' lang='lat' dir='ltr'><strong>sone</strong></span> <span class='ocrx_word' id='word_1_142' title='bbox 238 2502 336 2579; x_wconf 89' lang='lat' dir='ltr'><strong>mole</strong></span> <span class='ocrx_word' id='word_1_143' title='bbox 366 2500 545 2610; x_wconf 82' lang='lat' dir='ltr'><strong>exiguus,</strong></span> <span class='ocrx_word' id='word_1_144' title='bbox 590 2499 651 2581; x_wconf 88' lang='lat' dir='ltr'><strong>sed</strong></span> <span class='ocrx_word' id='word_1_145' title='bbox 677 2499 745 2581; x_wconf 90' lang='lat' dir='ltr'><strong>usu</strong></span> <span class='ocrx_word' id='word_1_146' title='bbox 784 2504 825 2583; x_wconf 75' lang='lat' dir='ltr'><strong>d&lt;</strong></span> <span class='ocrx_word' id='word_1_147' title='bbox 851 2497 974 2580; x_wconf 70' lang='lat' dir='ltr'><strong>fructu</strong></span> <span class='ocrx_word' id='word_1_148' title='bbox 1008 2497 1137 2582; x_wconf 85' lang='lat' dir='ltr'><strong>solidae</strong></span> 
     </span>
     <span class='ocr_line' id='line_1_21' title="bbox 6 2609 1135 2721; baseline 0.003 -32"><span class='ocrx_word' id='word_1_149' title='bbox 6 2668 12 2716; x_wconf 60' lang='lat'>3</span> <span class='ocrx_word' id='word_1_150' title='bbox 113 2610 266 2717; x_wconf 84' lang='lat' dir='ltr'><strong>pletatis</strong></span> <span class='ocrx_word' id='word_1_151' title='bbox 283 2612 413 2721; x_wconf 81' lang='lat' dir='ltr'><strong>magui</strong></span> <span class='ocrx_word' id='word_1_152' title='bbox 429 2611 687 2699; x_wconf 76' lang='lat' dir='ltr'><strong>aestimandus:</strong></span> <span class='ocrx_word' id='word_1_153' title='bbox 716 2610 763 2692; x_wconf 92' lang='lat' dir='ltr'><strong>de</strong></span> <span class='ocrx_word' id='word_1_154' title='bbox 775 2636 855 2720; x_wconf 92' lang='lat' dir='ltr'><strong>quo</strong></span> <span class='ocrx_word' id='word_1_155' title='bbox 873 2609 1032 2694; x_wconf 85' lang='lat' dir='ltr'><strong>memini</strong></span> <span class='ocrx_word' id='word_1_156' title='bbox 1060 2635 1135 2711; x_wconf 91' lang='lat' dir='ltr'><strong>me,</strong></span> 
     </span>
     <span class='ocr_line' id='line_1_22' title="bbox 7 2716 1135 2834; baseline 0.001 -32.995"><span class='ocrx_word' id='word_1_157' title='bbox 7 2773 12 2820; x_wconf 44' lang='grc'><strong>,-</strong></span> <span class='ocrx_word' id='word_1_158' title='bbox 113 2716 311 2830; x_wconf 83' lang='lat' dir='ltr'><strong>postquam</strong></span> <span class='ocrx_word' id='word_1_159' title='bbox 325 2721 561 2808; x_wconf 77' lang='lat' dir='ltr'><strong>attentiffims</strong></span> <span class='ocrx_word' id='word_1_160' title='bbox 575 2745 698 2815; x_wconf 85' lang='lat' dir='ltr'><strong>mente</strong></span> <span class='ocrx_word' id='word_1_161' title='bbox 715 2717 959 2833; x_wconf 82' lang='lat' dir='ltr'><strong>perlegissem,</strong></span> <span class='ocrx_word' id='word_1_162' title='bbox 976 2717 1135 2834; x_wconf 85' lang='lat' dir='ltr'><strong>rescrip-</strong></span> 
     </span>
     <span class='ocr_line' id='line_1_23' title="bbox 111 2828 1134 2944; baseline 0.001 -29.904"><span class='ocrx_word' id='word_1_163' title='bbox 111 2828 201 2933; x_wconf 74' lang='lat' dir='ltr'><strong>sisse,</strong></span> <span class='ocrx_word' id='word_1_164' title='bbox 238 2836 343 2944; x_wconf 90' lang='lat' dir='ltr'><strong>quod</strong></span> <span class='ocrx_word' id='word_1_165' title='bbox 373 2837 520 2920; x_wconf 87' lang='lat' dir='ltr'><strong>intimis</strong></span> <span class='ocrx_word' id='word_1_166' title='bbox 547 2835 722 2919; x_wconf 88' lang='lat' dir='ltr'><strong>medullis</strong></span> <span class='ocrx_word' id='word_1_167' title='bbox 753 2829 975 2934; x_wconf 85' lang='lat' dir='ltr'><strong>sentiebam,</strong></span> <span class='ocrx_word' id='word_1_168' title='bbox 1009 2833 1134 2934; x_wconf 91' lang='lat' dir='ltr'><strong>illum,</strong></span> 
     </span>
     <span class='ocr_line' id='line_1_24' title="bbox 111 2941 1132 3054; baseline 0.002 -30"><span class='ocrx_word' id='word_1_169' title='bbox 111 2944 270 3054; x_wconf 81' lang='lat' dir='ltr'><strong>quando</strong></span> <span class='ocrx_word' id='word_1_170' title='bbox 297 2947 503 3032; x_wconf 83' lang='lat' dir='ltr'><strong>decretoria</strong></span> <span class='ocrx_word' id='word_1_171' title='bbox 525 2951 590 3030; x_wconf 81' lang='lat' dir='ltr'><strong>illa</strong></span> <span class='ocrx_word' id='word_1_172' title='bbox 610 2978 656 3031; x_wconf 83' lang='lat' dir='ltr'><strong>ex</strong></span> <span class='ocrx_word' id='word_1_173' title='bbox 683 2949 756 3036; x_wconf 86' lang='lat' dir='ltr'><strong>bae</strong></span> <span class='ocrx_word' id='word_1_174' title='bbox 781 2946 860 3027; x_wconf 82' lang='lat' dir='ltr'><strong>viti</strong></span> <span class='ocrx_word' id='word_1_175' title='bbox 880 2941 1045 3030; x_wconf 87' lang='lat' dir='ltr'><strong>abeundi</strong></span> <span class='ocrx_word' id='word_1_176' title='bbox 1063 2944 1132 3026; x_wconf 84' lang='lat' dir='ltr'><strong>ad·</strong></span> 
     </span>
     <span class='ocr_line' id='line_1_25' title="bbox 112 3053 1132 3168; baseline 0.005 -34"><span class='ocrx_word' id='word_1_177' title='bbox 112 3078 272 3139; x_wconf 85' lang='lat' dir='ltr'><strong>ventura</strong></span> <span class='ocrx_word' id='word_1_178' title='bbox 296 3055 385 3141; x_wconf 87' lang='lat' dir='ltr'><strong>esset</strong></span> <span class='ocrx_word' id='word_1_179' title='bbox 412 3063 523 3158; x_wconf 86' lang='lat' dir='ltr'><strong>hora,</strong></span> <span class='ocrx_word' id='word_1_180' title='bbox 552 3061 641 3142; x_wconf 90' lang='lat' dir='ltr'><strong>inde</strong></span> <span class='ocrx_word' id='word_1_181' title='bbox 661 3062 776 3168; x_wconf 78' lang='lat' dir='ltr'><strong>majus</strong></span> <span class='ocrx_word' id='word_1_182' title='bbox 804 3056 993 3154; x_wconf 83' lang='lat' dir='ltr'><strong>solatium,</strong></span> <span class='ocrx_word' id='word_1_183' title='bbox 1018 3053 1132 3166; x_wconf 79' lang='lat' dir='ltr'><strong>quim</strong></span> 
     </span>
    </p>

    <p class='ocr_par' dir='ltr' id='par_1_6' title="bbox 1 3162 1132 4285">
     <span class='ocr_line' id='line_1_26' title="bbox 1 3162 1131 3278; baseline -0.005 -31"><span class='ocrx_word' id='word_1_184' title='bbox 1 3162 4 3169; x_wconf 80' lang='grc'><strong>’</strong></span> <span class='ocrx_word' id='word_1_185' title='bbox 112 3195 159 3248; x_wconf 80' lang='lat' dir='ltr'><strong>ex</strong></span> <span class='ocrx_word' id='word_1_186' title='bbox 184 3167 282 3250; x_wconf 81' lang='lat' dir='ltr'><strong>sami</strong></span> <span class='ocrx_word' id='word_1_187' title='bbox 309 3169 577 3267; x_wconf 71' lang='lat' dir='ltr'><strong>consummatae</strong></span> <span class='ocrx_word' id='word_1_188' title='bbox 608 3171 834 3254; x_wconf 87' lang='lat' dir='ltr'><strong>eruditionis</strong></span> <span class='ocrx_word' id='word_1_189' title='bbox 854 3167 937 3278; x_wconf 90' lang='lat' dir='ltr'><strong>post</strong></span> <span class='ocrx_word' id='word_1_190' title='bbox 962 3166 997 3248; x_wconf 88' lang='lat' dir='ltr'><strong>se</strong></span> <span class='ocrx_word' id='word_1_191' title='bbox 1019 3167 1131 3250; x_wconf 63' lang='lat' dir='ltr'><strong>telin,</strong></span> 
     </span>
     <span class='ocr_line' id='line_1_27' title="bbox 1 3279 1132 3392; baseline 0.004 -34"><span class='ocrx_word' id='word_1_192' title='bbox 1 3347 2 3352; x_wconf 79' lang='grc' dir='ltr'><strong><em>Ν</em></strong></span> <span class='ocrx_word' id='word_1_193' title='bbox 112 3279 261 3388; x_wconf 78' lang='lat' dir='ltr'><strong>quendd</strong></span> <span class='ocrx_word' id='word_1_194' title='bbox 312 3304 586 3392; x_wconf 81' lang='lat' dir='ltr'><strong>percepturum.</strong></span> <span class='ocrx_word' id='word_1_195' title='bbox 663 3285 749 3364; x_wconf 85' lang='lat' dir='ltr'><strong>Nec</strong></span> <span class='ocrx_word' id='word_1_196' title='bbox 786 3282 884 3363; x_wconf 90' lang='lat' dir='ltr'><strong>mihi</strong></span> <span class='ocrx_word' id='word_1_197' title='bbox 921 3302 1132 3387; x_wconf 81' lang='lat' dir='ltr'><strong>temperate</strong></span> 
     </span>
     <span class='ocr_line' id='line_1_28' title="bbox 1 3391 1129 3505; baseline 0.006 -39"><span class='ocrx_word' id='word_1_198' title='bbox 1 3459 2 3466; x_wconf 79' lang='grc' dir='ltr'><strong><em>Ν</em></strong></span> <span class='ocrx_word' id='word_1_199' title='bbox 109 3397 416 3505; x_wconf 82' lang='lat' dir='ltr'><strong>queum,quiu,ut</strong></span> <span class='ocrx_word' id='word_1_200' title='bbox 433 3415 473 3477; x_wconf 89' lang='lat' dir='ltr'><strong>ut</strong></span> <span class='ocrx_word' id='word_1_201' title='bbox 483 3395 639 3479; x_wconf 76' lang='lat' dir='ltr'><strong>morosis</strong></span> <span class='ocrx_word' id='word_1_202' title='bbox 655 3391 873 3475; x_wconf 83' lang='lat' dir='ltr'><strong>censoribus</strong></span> <span class='ocrx_word' id='word_1_203' title='bbox 893 3417 948 3473; x_wconf 87' lang='lat' dir='ltr'><strong>tes</strong></span> <span class='ocrx_word' id='word_1_204' title='bbox 967 3392 1129 3473; x_wconf 79' lang='lat' dir='ltr'><strong>levicula</strong></span> 
     </span>
     <span class='ocr_line' id='line_1_29' title="bbox 106 3501 1128 3608; baseline 0.004 -25"><span class='ocrx_word' id='word_1_205' title='bbox 106 3501 318 3608; x_wconf 82' lang='lat' dir='ltr'><strong>videbitur,</strong></span> <span class='ocrx_word' id='word_1_206' title='bbox 357 3533 565 3591; x_wconf 91' lang='lat' dir='ltr'><strong>memorem</strong></span> <span class='ocrx_word' id='word_1_207' title='bbox 599 3501 907 3598; x_wconf 78' lang='lat' dir='ltr'><strong>reverendissimo</strong></span> <span class='ocrx_word' id='word_1_208' title='bbox 937 3507 1047 3603; x_wconf 85' lang='lat' dir='ltr'><strong>Vit0,</strong></span> <span class='ocrx_word' id='word_1_209' title='bbox 1076 3507 1128 3588; x_wconf 89' lang='grc' dir='ltr'><strong>Ι).</strong></span> 
     </span>
     <span class='ocr_line' id='line_1_30' title="bbox 105 3614 1129 3728; baseline -0.003 -30"><span class='ocrx_word' id='word_1_210' title='bbox 105 3620 303 3699; x_wconf 87' lang='lat' dir='ltr'><strong>Gulielmo</strong></span> <span class='ocrx_word' id='word_1_211' title='bbox 327 3617 568 3719; x_wconf 85' lang='lat' dir='ltr'><strong>Sanderofto,</strong></span> <span class='ocrx_word' id='word_1_212' title='bbox 597 3614 899 3728; x_wconf 81' lang='lat' dir='ltr'><strong>Archiepiscopo</strong></span> <span class='ocrx_word' id='word_1_213' title='bbox 926 3615 1129 3696; x_wconf 82' lang='lat' dir='ltr'><strong>Cantuati·</strong></span> 
     </span>
     <span class='ocr_line' id='line_1_31' title="bbox 106 3720 1130 3840; baseline -0.004 -31"><span class='ocrx_word' id='word_1_214' title='bbox 106 3728 196 3828; x_wconf 78' lang='lat' dir='ltr'><strong>ensi,</strong></span> <span class='ocrx_word' id='word_1_215' title='bbox 224 3734 263 3810; x_wconf 77' lang='lat'><strong>8&lt;</strong></span> <span class='ocrx_word' id='word_1_216' title='bbox 289 3731 434 3812; x_wconf 80' lang='lat' dir='ltr'><strong>invisio</strong></span> <span class='ocrx_word' id='word_1_217' title='bbox 460 3732 620 3818; x_wconf 80' lang='lat' dir='ltr'><strong>Ecclefiae</strong></span> <span class='ocrx_word' id='word_1_218' title='bbox 651 3731 867 3840; x_wconf 78' lang='lat' dir='ltr'><strong>Anglieanae</strong></span> <span class='ocrx_word' id='word_1_219' title='bbox 897 3720 1130 3826; x_wconf 80' lang='lat' dir='ltr'><strong>Conselsori,</strong></span> 
     </span>
     <span class='ocr_line' id='line_1_32' title="bbox 105 3841 1128 3952; baseline -0.006 -29"><span class='ocrx_word' id='word_1_220' title='bbox 105 3846 206 3923; x_wconf 87' lang='lat' dir='ltr'><strong>inter</strong></span> <span class='ocrx_word' id='word_1_221' title='bbox 225 3843 313 3942; x_wconf 86' lang='lat' dir='ltr'><strong>alia,</strong></span> <span class='ocrx_word' id='word_1_222' title='bbox 342 3860 458 3952; x_wconf 90' lang='lat' dir='ltr'><strong>prout</strong></span> <span class='ocrx_word' id='word_1_223' title='bbox 487 3847 599 3942; x_wconf 88' lang='lat' dir='ltr'><strong>mibi,</strong></span> <span class='ocrx_word' id='word_1_224' title='bbox 627 3869 713 3925; x_wconf 81' lang='lat' dir='ltr'><strong>eum</strong></span> <span class='ocrx_word' id='word_1_225' title='bbox 734 3843 918 3929; x_wconf 87' lang='lat' dir='ltr'><strong>Authoris</strong></span> <span class='ocrx_word' id='word_1_226' title='bbox 934 3855 1070 3948; x_wconf 84' lang='lat' dir='ltr'><strong>rogatu</strong></span> <span class='ocrx_word' id='word_1_227' title='bbox 1088 3841 1128 3932; x_wconf 79' lang='grc' dir='ltr'><strong>ὃς</strong></span> 
     </span>
     <span class='ocr_line' id='line_1_33' title="bbox 105 3947 1128 4060; baseline -0.002 -28"><span class='ocrx_word' id='word_1_228' title='bbox 105 3951 220 4060; x_wconf 76' lang='lat' dir='ltr'><strong>ipsus</strong></span> <span class='ocrx_word' id='word_1_229' title='bbox 237 3957 396 4037; x_wconf 88' lang='lat' dir='ltr'><strong>nomine</strong></span> <span class='ocrx_word' id='word_1_230' title='bbox 411 3955 665 4039; x_wconf 84' lang='lat' dir='ltr'><strong>Enchlridion</strong></span> <span class='ocrx_word' id='word_1_231' title='bbox 686 3954 778 4037; x_wconf 94' lang='lat' dir='ltr'><strong>illud</strong></span> <span class='ocrx_word' id='word_1_232' title='bbox 792 3948 1024 4051; x_wconf 79' lang='lat' dir='ltr'><strong>obtulillem,</strong></span> <span class='ocrx_word' id='word_1_233' title='bbox 1044 3947 1128 4030; x_wconf 86' lang='lat' dir='ltr'><strong>san-</strong></span> 
     </span>
     <span class='ocr_line' id='line_1_34' title="bbox 106 4062 1130 4264; baseline -0.005 -116"><span class='ocrx_word' id='word_1_234' title='bbox 106 4062 281 4151; x_wconf 73' lang='lat' dir='ltr'><strong>diffimus</strong></span> <span class='ocrx_word' id='word_1_235' title='bbox 319 4069 383 4158; x_wconf 82' lang='lat' dir='ltr'><strong>ille</strong></span> <span class='ocrx_word' id='word_1_236' title='bbox 410 4067 661 4264; x_wconf 61' lang='lat' dir='ltr'><strong>Arcblptaespl</strong></span> <span class='ocrx_word' id='word_1_237' title='bbox 692 4066 833 4152; x_wconf 88' lang='lat' dir='ltr'><strong>resetre</strong></span> <span class='ocrx_word' id='word_1_238' title='bbox 862 4062 1130 4191; x_wconf 74' lang='lat' dir='ltr'><strong>dignatusest,</strong></span> 
     </span>
     <span class='ocr_line' id='line_1_35' title="bbox 677 4195 1131 4285; baseline -0.007 -25"><span class='ocrx_word' id='word_1_239' title='bbox 677 4208 703 4285; x_wconf 84' lang='lat'><strong>4</strong></span> <span class='ocrx_word' id='word_1_240' title='bbox 998 4195 1131 4260; x_wconf 70' lang='lat' dir='ltr'><strong>metri·</strong></span> 
     </span>
    </p>
   </div>
   <div class='ocr_carea' id='block_1_6' title="bbox 0 0 1328 4448">
    <p class='ocr_par' dir='ltr' id='par_1_7' title="bbox 0 0 1328 4448">
     <span class='ocr_line' id='line_1_36' title="bbox 0 0 1328 4448; baseline 0 1"><span class='ocrx_word' id='word_1_241' title='bbox 0 0 1328 4448; x_wconf 95' lang='lat' dir='ltr'><strong> </strong></span> 
     </span>
    </p>
   </div>
  </div>
 </body>
</html>
