2654 4466
269 200 353 287 aaa,
388 187 603 266 aornar
627 181 865 270 assuant
888 182 1058 258 nusr.
1079 122 1208 258 rau.

265 315 356 389 cuius
367 311 410 375 rei
419 325 498 372 certa
509 301 616 384 palsun,
625 303 654 364 δι
663 304 809 379 explorata
822 301 942 376 indicia,
951 302 1087 382 magiter
1097 305 1197 382 magis
1212 298 1265 388 in-

272 385 499 454 diesostendunt
508 382 567 446 sese
585 399 673 460 atque
689 379 853 460 proferunt.
880 379 966 442 Hanc
981 397 1064 443 tuam
1080 380 1264 452 benivolen-

272 471 332 542 tiae,
350 463 550 536 humanitatis,
564 460 777 540 gratulationis,
790 479 822 520 ac
834 459 952 538 pietatis
964 460 1107 522 rationem
1119 477 1263 531 omanem,

274 541 489 614 norvicillrm,
520 557 651 600 memore
674 535 786 615 semper
809 539 918 610 annno,
946 553 1053 600 mutuo
1074 536 1263 602 inseruire

274 622 380 696 studio,
401 621 429 681 δι
443 619 527 680 omni
538 635 599 695 quo
611 613 761 694 pollemus
774 613 884 685 officio,
894 614 1020 676 libenter
1030 613 1262 692 subsequemur.

275 720 355 774 nem,
383 699 453 759 licet
466 714 495 758 te
508 693 544 756 de
557 691 614 768 hoc
627 710 710 756 tanto
723 713 819 754 amore
831 710 885 754 tuo
900 692 981 753 valde
992 712 1098 767 amem,
1117 689 1201 756 istud
1215 708 1262 754 ta-

276 797 346 838 men
358 778 416 838 tibi
426 793 488 836 uon
501 771 668 844 concedam,
688 787 724 830 ut
736 771 804 850 quia
814 787 863 846 tu,
882 790 915 830 ac
927 773 984 844 tui,
1010 771 1193 848 &inprimis
1207 789 1261 832 er·

273 853 432 922 natiffimur
446 851 524 914 filius
534 867 616 924 tuus,
641 851 673 908 in
686 845 740 909 isto
753 847 942 914 humanitatis
956 849 1122 924 certamine,
1141 867 1263 928 oppor-

276 935 411 1004 tunitate,
429 931 460 992 dr
482 927 635 1008 temporei
660 925 691 988 so
705 927 820 990 lueritis
832 927 962 1006 priores:
980 942 1133 1008 prepterea
1146 931 1262 991 udon-

277 1019 346 1085 tate,
357 946 736 1084 memoriadcgratilfcandi
746 1002 852 1078 studio,
863 1002 922 1066 litis
931 1003 1026 1068 futuri
1034 1005 1262 1085 quoquesupe

274 1091 378 1150 riores.
394 1087 580 1166 quemanimi
590 1081 1264 1162 nostrisensummonnuncscripturalediamr

279 1165 394 1246 pridem
407 1185 436 1226 re
447 1159 705 1233 declaravillemus,
715 1160 734 1221 si
744 1158 838 1222 nostra
852 1160 983 1234 facultas,
994 1162 1139 1222 voluntati
1149 1157 1264 1231 nostre

279 1264 331 1322 par
340 1242 395 1304 elle
405 1239 552 1324 potuillet.
565 1239 762 1312 Interea,dum
774 1240 977 1318 opportunitas
987 1237 1043 1298 tibi
1054 1259 1087 1298 ac
1095 1241 1157 1300 tuis
1166 1241 1264 1318 gnti·

279 1321 388 1390 ficandi
399 1319 476 1381 mihi
488 1320 615 1392 dabitur,
628 1319 713 1395 cujus
726 1316 885 1394 querendae
898 1319 1011 1377 nullam
1023 1337 1085 1378 non
1097 1319 1181 1378 viam
1195 1317 1263 1396 ipse

274 1399 445 1478 persequar,
466 1413 543 1478 grata
568 1399 663 1460 colam
684 1397 835 1467 memoria,
853 1395 1003 1471 frequenti
1023 1390 1174 1473 usurpabo
1200 1397 1264 1456 ser·

280 1497 380 1550 mone,
405 1477 433 1538 δι
455 1471 648 1540 illustriffimae
670 1470 772 1533 nostre
795 1474 936 1551 Principi,
955 1488 1037 1552 capta
1059 1471 1174 1536 adeam
1195 1493 1264 1534 reue

282 1553 357 1630 julla
379 1553 538 1624 occasione,
561 1571 665 1612 omnes
678 1566 742 1612 tuas
765 1569 857 1627 gratas
880 1549 1082 1623 humanitates,
1098 1551 1214 1612 eximia
1228 1552 1263 1626 in

279 1652 336 1694 nos
363 1631 392 1694 δι
416 1629 526 1692 nostros
550 1627 656 1700 officia,
676 1631 721 1704 pia
733 1629 920 1704 ergaDeurn‚
941 1629 1159 1706 &religionem
1171 1626 1263 1694 insti·

280 1726 354 1782 tuta,
383 1711 469 1788 plene
490 1703 613 1784 fuseque
636 1707 794 1766 declarabo.
833 1705 879 1766 De
904 1703 978 1768 statu
1000 1707 1156 1784 religionis
1179 1705 1263 1788 apud

281 1809 337 1848 nos
350 1784 497 1858 audiendi,
524 1805 595 1848 curn
608 1784 769 1861 intelligam
781 1799 811 1844 te
825 1784 1018 1862 percupidum
1031 1785 1096 1859 effe,
1124 1785 1160 1846 in
1174 1787 1261 1848 nulla

280 1881 361 1926 certe
373 1885 403 1924 re
423 1885 499 1924 curae
512 1882 615 1923 omnes
627 1859 810 1922 Serenillimae
824 1860 926 1922 nostru
939 1863 1086 1940 Principis
1099 1864 1199 1940 tnagis
1209 1884 1264 1926 ex·

283 1942 402 2016 cubant,
421 1961 511 2020 quarn
536 1957 570 2000 ut
593 1959 645 2020 per
667 1938 723 2000 hoc
737 1942 840 2015 Anglr'ae
852 1942 1000 2015 Regnum,
1018 1941 1185 2021 repurgatis
1197 1943 1263 2021 pris

282 2040 366 2080 mum
389 2023 421 2080 in
446 2021 529 2080 cultu
550 2018 702 2096 religionis
725 2018 861 2080 omuibus
880 2017 968 2080 foedis
981 2018 1137 2090 erroribus,
1158 2039 1264 2082 entem

282 2097 368 2170 datis,
397 2096 503 2156 deinde
515 2099 547 2156 in
560 2096 614 2155 usu
626 2098 703 2168 vite,
730 2112 898 2175 temporum
911 2099 939 2157 δι
952 2115 1070 2160 ntorum
1082 2097 1180 2169 vitiis,
1200 2117 1260 2176 pu·

281 2181 351 2236 ¹rum
378 2173 453 2234 illud
480 2176 606 2235 unicum
633 2175 786 2252 Evangelii
813 2173 928 2236 tandem
958 2173 1058 2236 semen
1083 2175 1115 2234 in
1140 2177 1264 2243 animos

282 2250 451 2312 nostrorum
462 2249 617 2313 hominum
647 2250 836 2330 erspergatur,
854 2252 933 2311 unde
942 2251 1077 2314 salutares
1085 2249 1264 2315 Christianae

281 2329 351 2390 vitre
371 2327 491 2402 muns,
511 2349 589 2392 certe
654 2329 937 2390 solideefflorescant.
969 2329 1016 2391 De
1028 2331 1137 2392 vicinis
1151 2329 1264 2394 nostris

282 2414 374 2482 scotis,
393 2410 533 2486 quoniam
556 2426 590 2468 tu
612 2424 673 2468 tam
685 2408 811 2468 libenter
823 2428 1042 2484 commemoras,
1062 2429 1123 2470 non
1136 2408 1262 2472 invitus

281 2486 343 2563 ipse
363 2504 480 2564 quoque
500 2486 611 2564 aliquid
624 2485 660 2545 de
673 2487 733 2546 illis
745 2487 879 2546 scribam.
909 2486 939 2546 id
953 2488 1041 2564 quod,
1068 2489 1142 2550 licet
1154 2487 1194 2548 ad
1209 2508 1263 2549 au·
1310 2553 1314 2560 .

282 2564 436 2636 diendum,
455 2586 515 2624 uon
530 2566 569 2625 ita
581 2563 636 2623 tibi
650 2563 785 2623 futurum
798 2564 838 2622 est
853 2563 1035 2638 jucundum:
1056 2565 1091 2623 ad
1104 2581 1134 2624 te
1147 2581 1262 2639 tamen,

281 2641 318 2700 de
339 2643 476 2721 presente
489 2641 553 2702 istic
567 2659 659 2711 motu,
679 2643 833 2702 certiorem
846 2643 1014 2702 laciendum
1026 2641 1188 2704 admodum
1203 2647 1265 2706 erit

280 2725 452 2796 appositum.
492 2725 573 2792 Galli,
601 2718 717 2778 consilia
741 2718 802 2790 sua,
830 2723 940 2781 multos
968 2724 1024 2795 jam
1049 2740 1147 2792 annos,
1180 2725 1265 2783 vires

280 2818 382 2857 omnes
405 2799 461 2857 hoc
473 2814 605 2874 tempore
624 2795 682 2856 huc
708 2797 884 2872 conferunt,
911 2817 945 2858 ut
957 2801 1107 2876 religionis
1120 2800 1154 2860 in
1169 2805 1265 2860 ucetia

282 2895 364 2934 nuuc
383 2875 526 2936 nascentis
540 2872 667 2945 occasus,
692 2873 793 2951 legum
806 2879 941 2936 omnium
955 2898 986 2936 ac
1000 2878 1096 2956 prisce
1110 2875 1265 2940 libertatis

280 2947 429 3025 interitus,
451 2954 478 3011 8<
501 2950 642 3012 universe
667 2949 786 3010 demum
809 2953 991 3032 Reipublicae
1009 2953 1132 3028 vastitas,
1152 2973 1265 3032 agatur

279 3025 448 3106 feraturque
471 3031 500 3088 in
523 3051 558 3088 eo
581 3048 681 3106 reguo
722 3031 875 3108 Speremus
900 3049 997 3092 tamen
1010 3033 1118 3106 Deum,
1137 3037 1195 3108 qui
1212 3056 1266 3098 ex..

278 3103 383 3180 ur'gcre
406 3107 559 3166 consuevit
582 3103 617 3164 ad
640 3107 782 3182 gemitum
804 3129 974 3188 pauperum,
1005 3129 1039 3171 ut
1061 3110 1122 3189 ipse
1146 3111 1263 3176 diserte

278 3185 437 3258 promittit,
458 3181 703 3258 &dissipaturum
724 3185 844 3248 illorum
867 3190 956 3266 impia
968 3189 1093 3264 consilia,
1106 3190 1264 3252 &fratte-

277 3279 346 3318 rum
359 3282 460 3321 omnes
470 3263 631 3321 eorundem
644 3261 775 3324 crudeles
790 3268 982 3343 cruentosque
991 3285 1123 3328 conatus.
1143 3265 1183 3327 Et
1195 3267 1263 3332 hec

279 3336 343 3410 spes
368 3359 401 3397 eo
416 3343 523 3398 certius
542 3341 625 3399 nobis
649 3341 779 3418 affulget,
800 3363 858 3417 quo
874 3347 929 3420 jana
943 3342 983 3404 est
997 3346 1176 3421 exploratius
1189 3366 1262 3406 om·

277 3417 363 3472 nium
387 3415 540 3475 hominurn
557 3415 679 3491 judicio,
703 3423 864 3480 universam
889 3443 998 3500 pacem,
1018 3443 1068 3500 pet·
1087 3423 1162 3484 hanc
1181 3444 1264 3502 prae·

275 3491 390 3550 sentent
414 3492 567 3556 Christiani
593 3497 720 3554 nominis
739 3499 965 3570 unirer-firmem,
984 3503 1094 3578 ubique
1107 3503 1262 3579 gentium,

277 3568 459 3644 optatill‘rme,
479 3572 696 3644 fcliciffimcque
710 3574 773 3632 fore
789 3578 845 3646 jam
860 3578 1056 3651 constitutam,
1077 3581 1186 3654 absque
1200 3579 1260 3644 hac

277 3647 444 3710 turbulenta
467 3651 578 3712 ratione
601 3655 701 3706 Gadita
726 3649 802 3712 effer.
841 3658 895 3718 Par
918 3661 1019 3734 iraque
1041 3655 1090 3732 est,
1111 3675 1145 3718 ut
1170 3679 1259 3718 com.

717 3763 732 3804 a
1143 3755 1259 3798 munes
