2576 4464
281 229 357 304 ῳ
447 201 711 304 Jonuurs
753 150 1034 285 srunmrr

279 350 354 404 uam,
372 328 402 390 ἃ
413 333 534 388 cirillum
548 345 697 408 generum.
717 327 754 390 d'e
767 329 965 407 negotioillo,
984 330 1021 392 de
1054 325 1095 393 u'o
1106 321 1250 398 miseere

278 407 427 485 superiore
449 405 558 497 mense,
579 407 686 484 opinor
698 413 807 482 Martio,
825 407 938 484 aliquid
961 349 1059 488 seripdr
1071 409 1198 474 Domino
1207 421 1248 472 cc.

277 490 353 544 cillo.-
382 501 441 545 tue
463 487 555 546 lrterae
577 485 739 548 effecerunt
758 501 794 546 ut
813 485 936 565 probare
958 489 1041 564 prius
1062 489 1153 550 velim
1177 509 1245 566 reu,

277 579 369 699 Euam
410 563 457 623 lus
477 561 658 625 confinnare.
696 564 769 625 Hec
786 579 848 624 tem
890 583 919 624 ra
932 565 1200 644 Gallicanafrciunt,
1214 583 1244 628 ut

279 643 282 648 '
300 659 317 699 e
337 659 378 699 no
417 659 437 699 o
458 635 585 713 dissidio,
605 639 687 718 quod
709 642 844 700 anarbo
862 645 887 698 io
907 637 1143 704 concitatum-est
1155 643 1242 720 ,nihil

276 715 383 796 poffim
395 715 538 778 scribere:
555 731 653 779 remen
677 717 860 792 consenesco,
879 735 997 798 propter
1008 719 1157 782 fastidium
1170 723 1242 784 &iu-

276 795 396 874 juriam.
414 814 507 875 prope
528 794 638 874 ubique
658 795 714 858 esse
736 796 837 858 malim
850 814 939 876 quem
952 797 1077 870 ibi-ubi
1091 813 1244 880 ennoeper·

275 874 388 935 multos
409 873 455 934 fui
478 873 611 934 libenter.
649 873 750 936 Redeo
771 872 806 934 ad
827 872 951 934 eeussam
963 876 1079 950 Alberts',
1096 897 1149 938 oro
1163 877 1244 939 &ob-

274 949 366 1024 seero,
385 965 420 1012 ut
438 950 494 1010 tibi
507 969 583 1011 eune
596 951 639 1013 srt,
678 952 754 1013 Vale
766 953 813 1012 vir
825 950 1007 1026 ornatiffime,
1026 953 1205 1030 nobiliffine,
1219 955 1244 1018 bt

275 1045 398 1108 patrone
410 1025 595 1090 observande.
633 1027 800 1110 francofurti
821 1028 885 1090 XII.
895 1033 1074 1108 Neuemdrr'n
1231 1036 1234 1046 '

406 1229 415 1246 ”
495 1307 497 1312 -
556 1268 785 1343 uersu.
836 1261 984 1348 xmu..

395 1403 709 1516 JOANNES
763 1404 1147 1494 suunmws

483 1533 711 1636 Jonuur
748 1516 1027 1646 ununsm.

360 1678 439 1738 U'us
454 1680 498 1738 rei
512 1675 603 1738 caussa
612 1676 764 1738 Dominus
778 1677 900 1734 Albertus
911 1671 1005 1734 isthuc
1017 1674 1121 1735 venie:
1142 1675 1245 1738 tanen

276 1670 356 1829 C
378 1701 467 1817 sbiam
483 1776 546 1816 erm
567 1755 623 1814 tibi
636 1773 712 1818 cure
736 1754 821 1826 fore,
841 1769 938 1812 tamen
962 1754 1002 1812 ita
1014 1751 1090 1811 mihi
1110 1747 1244 1824 curceii,

182 1837 186 1849 '
270 1849 307 1892 ut
318 1835 390 1894 hane
404 1853 504 1893 curam
533 1831 677 1908 deponere
719 1828 829 1901 essem,
849 1847 943 1908 neque
955 1827 1164 1890 commendem
1186 1829 1245 1901 tibi,

269 1911 374 1972 &aliis
401 1909 486 1984 isthic
512 1908 659 1970 heroibus.
730 1909 794 1969 aide
818 1905 988 1967 censtemuti
1011 1905 1111 1968 sumus
1132 1907 1246 1968 nunciis

268 1993 438 2055 Gadicanis:‚
458 1989 554 2048 solum
580 1986 766 2047 consolantur
791 1984 870 2063 quod
886 1984 920 2043 ab
946 1985 1077 2044 inimicis
1098 1981 1246 2056 veniunt,

204 2087 207 2094 ’
269 2081 358 2142 atque
371 2064 480 2126 idcirco
496 2064 581 2125 falsos
592 2064 745 2140 speramus.
778 2065 806 2123 Is
820 2065 871 2142 qui
888 2061 965 2122 misrt
975 2061 1146 2122 Dominum
1160 2062 1245 2120 Aba·

267 2155 336 2212 tum,
355 2141 466 2218 aliquid
479 2144 543 2220 plus
556 2141 639 2202 habet
651 2141 744 2201 laudis
757 2159 845 2217 quam
856 2141 905 2200 illa
919 2140 1039 2218 antiqua
1051 2137 1134 2199 fuit:
1150 2139 1246 2200 vbuum

164 2227 170 2234 '
268 2220 365 2289 miles,
384 2220 478 2279 bonus
501 2221 631 2279 colonus.
662 2241 680 2279 o
701 2221 792 2277 timus
806 2219 852 2276 vir
863 2215 914 2288 est,
936 2213 1108 2278 foniffinus
1126 2213 1245 2288 durest,

268 2295 381 2357 debetis
391 2299 515 2375 optime,
529 2298 557 2357 δι
570 2239 737 2376 amplisidme
750 2295 862 2372 sperare
873 2294 909 2354 de
923 2296 1003 2355 illius
1017 2292 1083 2365 fide,
1096 2291 1243 2366 industrie,

267 2373 334 2446 usu,
347 2371 477 2434 seientia.
516 2373 645 2434 Caussam
658 2395 719 2433 non
733 2393 807 2452 opus
822 2371 863 2432 est
875 2387 910 2431 ut
923 2371 1129 2432 commendem
1155 2371 1244 2432 verbis

266 2452 412 2527 pluribus.
452 2455 540 2508 Gadia
562 2451 664 2528 absque
678 2449 772 2510 vestro
797 2451 918 2522 auxilio,
937 2451 1052 2509 nullum
1066 2445 1244 2522 v'slemrbu·

268 2529 336 2589 bere
348 2529 515 2601 subsidium,
534 2531 564 2589 ni
578 2529 660 2590 Deus
673 2528 752 2588 adsit.
792 2527 847 2586 Sed
866 2527 957 2587 aderit
969 2525 1050 2586 Deus
1062 2530 1162 2583 Gadiae
1176 2550 1184 2585 :
1200 2525 1247 2586 ed·

268 2609 425 2667 e'ritetiam
439 2608 532 2678 vobis,
550 2608 690 2684 quoniam
714 2625 767 2664 vos
779 2605 864 2664 vobis
876 2624 937 2664 non
949 2603 1082 2664 defuturi
1094 2601 1177 2665 estis.
1207 2603 1245 2663 sa·

267 2687 362 2744 iurem
375 2701 473 2745 autem
492 2681 612 2743 vestram
628 2683 793 2759 negligetis,
811 2682 932 2741 eralliae
944 2682 1065 2742 salutem
1080 2682 1245 2760 negligatis,

266 2779 333 2838 quoe
347 2763 452 2840 absque
477 2761 562 2822 vobis
580 2762 655 2822 salva
678 2761 806 2820 essenon
826 2761 941 2838 poterit.
981 2760 1044 2820 Nos
1055 2759 1150 2819 tenio
1170 2776 1244 2820 certe

264 2842 396 2915 perimus
421 2840 569 2917 proximi:
592 2840 621 2899 δι
644 2857 741 2898 tamen
765 2836 898 2913 quotidie
920 2836 1121 2897 deliberemus.
1172 2855 1244 2896 nun·

266 2935 356 2993 quam
369 2918 530 2994 quicquam
544 2916 677 2989 facimus,
696 2915 793 2995 perdit
814 2934 867 2974 nos
886 2915 991 2987 otium,
1016 2915 1166 2992 voluptas,
1190 2913 1244 2974 dis

267 2993 374 3066 cordia,
398 2993 496 3054 fastus.
535 2994 607 3068 Quo
633 2991 728 3052 nostra
755 2994 870 3068 igna'via
896 2989 1052 3065 majorest,
1075 3011 1111 3050 eo
1126 2993 1245 3068 procla·

268 3065 328 3130 rior
341 3070 430 3129 vestra
452 3069 492 3130 est
515 3073 615 3145 gloria.
644 3090 707 3146 quae
734 3076 826 3127 Scorico
846 3069 924 3127 bello
946 3068 1138 3129 fundamenta
1166 3070 1245 3146 jecit,

193 3155 196 3161 '
264 3147 322 3206 iroc
336 3151 463 3205 cromano
485 3149 614 3224 egregias
639 3147 769 3208 habitura
792 3145 842 3218 est,
856 3164 941 3219 atque
953 3145 1121 3222 magnificas
1147 3145 1244 3226 super·

265 3221 445 3285 struibiones.
466 3225 564 3285 Redeo
578 3227 611 3283 ad
626 3245 705 3285 rem:
725 3227 861 3281 Albertum
875 3221 1065 3300 Theologum
1079 3227 1242 3301 optimum,

267 3299 415 3361 Comitem
442 3305 536 3361 virum
560 3302 757 3372 fortissimum,
783 3298 903 3360 caussam
918 3301 1005 3376 ipsam
1019 3301 1177 3363 necessario
1190 3301 1245 3363 isto

262 3395 397 3456 'tempore
424 3379 662 3456 pernecessariam,
683 3382 721 3439 ita
735 3379 789 3439 tibi
802 3378 985 3450 commendo,
1007 3396 1043 3439 ut
1054 3376 1191 3454 vestram,
1209 3395 1243 3440 ut

265 3475 463 3527 communem,
486 3473 521 3516 ut
532 3459 743 3528 universorum,
761 3474 796 3516 ut
808 3459 941 3516 omnium
956 3457 985 3518 δι
1000 3458 1194 3534 singrdorum,
1207 3473 1243 3517 ut

265 3552 348 3593 tuam
373 3531 620 3608 nost1·amque,ut
642 3537 800 3594 amicorum
827 3533 1000 3606 nostrorum,
1023 3552 1059 3594 ut
1070 3537 1183 3611 patria,
1207 3552 1243 3596 ut

153 3643 155 3646 ·
267 3612 341 3682 Dei,
362 3612 399 3670 ’δι
420 3608 492 3685 Jesu
517 3609 633 3674 Christi.
678 3613 752 3672 Vale
776 3612 823 3672 vir
849 3609 1006 3675 clarissime.
1055 3611 1240 3689 Francoforti,

267 3689 344 3750 XIII.
356 3688 516 3745 Novembris.

1063 3767 1085 3827 E
1099 3765 1121 3827 P
1136 3765 1152 3828 Ι
1165 3767 1186 3830 S
1199 3765 1239 3828 T.
