2654 4466
270 211 345 288 266
369 201 585 284 ROGERI
609 196 859 286 ASGH'AMI
891 200 1054 284 EPIST.
1077 205 1106 286 1²
1113 209 1225 289 AM.

270 325 413 388 servmtia
424 341 488 384 mea
501 336 650 402 perpetua,
661 337 806 402 perpetuo
817 321 1000 386 laboraturus
1013 322 1075 388 lim.
1100 324 1298 393 laborabo·

273 405 357 466 enim
374 399 484 476 sedulo,
511 399 719 460 mesrctotum
739 397 776 460 ad
788 415 876 462 tuum
896 399 1011 464 sensum
1026 401 1284 470 &voluntatem

190 541 192 546 Α
274 479 458 560 comparare:
488 494 524 547 ut
546 475 621 540 nihil
632 493 770 558 exoptem
792 481 885 560 prius,
911 498 1000 556 quam
1019 496 1055 541 ut
1066 501 1176 545 omnes
1193 485 1282 548 vitae

275 579 349 622 meae
370 557 511 632 rationes,
537 555 571 630 in
596 571 650 618 tuo
669 557 760 617 unius
773 557 881 630 favore,
897 558 1003 635 gratia,
1027 559 1057 620 δι
1080 559 1285 628 auctoritate

275 657 334 698 ton
355 635 484 702 uieseere
506 650 623 712 queant.
662 633 713 694 Ad
725 645 836 696 munus
847 653 917 696 vero
936 633 1012 699 illud
1029 637 1129 698 literas
1148 634 1281 704 Latine

277 656 492 788 conlicribendi,
515 711 681 790 quanquam
700 732 761 772 non
780 713 936 790 ingenium
947 713 977 775 dt
990 730 1090 787 artem
1109 713 1215 780 fidem
1228 737 1282 782 n.

277 813 346 854 men
357 795 386 854 δι
397 793 592 872 diligentiam,
604 791 632 852 δι
642 791 881 866 taciturnitatem,
894 799 982 870 atque
991 783 1180 856 nonnullum
1191 817 1279 860 cum

276 872 395 944 mentis,
417 886 484 931 tum
505 887 609 930 manus
631 869 664 930 in
684 867 838 930 scribendo
861 867 958 941 usum,
982 888 1103 936 mecum
1124 892 1166 936 ex
1183 875 1279 937 Aca.

277 949 373 1010 demia
391 949 424 1008 in
437 948 547 1010 Aulam
558 947 726 1026 apportabo.
764 947 905 1026 Magnam
922 949 1099 1025 eloquentia
1112 950 1186 1012 vim
1201 963 1287 1017 non

277 1025 489 1108 consequutus,
517 1023 566 1086 sed
588 1045 626 1086 ne
647 1023 676 1086 se
696 1039 787 1088 uutus
806 1023 927 1102 quidem
939 1046 981 1088 un
1000 1025 1158 1092 uamsum.
1206 1029 1278 1094 hoe

168 1103 175 1115 “
277 1107 360 1168 enim
385 1107 417 1166 in
440 1101 594 1166 scribendo
620 1121 656 1163 co
689 1103 784 1176 dium,
807 1119 925 1166 tantum
947 1104 990 1164 mi
1014 1103 1020 1116 '
1045 1125 1205 1186 propono,
1235 1129 1278 1174 ut

278 1184 485 1268 proprietatem
516 1182 550 1242 in
578 1181 676 1242 verbis
688 1226 697 1256 ‚
739 1197 776 1244 ut
803 1180 1043 1260 perspicuitatem
1073 1183 1106 1244 in
1137 1184 1279 1253 senten.

276 1263 338 1336 tiis,
358 1259 469 1340 semper
489 1275 572 1321 tuear
594 1257 624 1319 δι
647 1255 833 1318 conservem:
868 1275 903 1320 ut
925 1257 1050 1338 apposite
1072 1259 1108 1322 ad
1127 1261 1278 1342 lingulas

275 1329 423 1420 personas,
440 1355 476 1400 ut
498 1335 719 1397 accommodate
740 1336 775 1396 ad
798 1354 945 1416 quamque
957 1358 1028 1412 tun,
1053 1355 1089 1400 ut
1101 1344 1223 1418 partite
1239 1343 1277 1410 δε

277 1413 412 1478 ¹dislinsle
423 1414 738 1494 cogitatamentis,live
747 1413 891 1488 meante
901 1416 1019 1479 alterius
1027 1419 1180 1498 explicare
1213 1443 1278 1484 ue·

277 1513 334 1556 am.
353 1492 416 1556 lstae
427 1493 589 1571 facultates,
639 1511 653 1552 r
665 1489 694 1551 se
706 1489 828 1570 quidem
837 1497 938 1554 ten‘ues
950 1493 979 1556 δι
989 1493 1036 1556 exi
1080 1516 1112 1567 ae,
1124 1439 1276 1575 pragen.

276 1573 327 1634 'tice
340 1590 438 1634 tamen
450 1590 507 1632 tue
519 1569 598 1648 praest
620 1571 650 1630 io
662 1568 777 1647 adjutae,
797 1570 827 1631 u
847 1567 958 1634 conlilii
977 1573 1023 1634 tui
1056 1571 1128 1636 netu
1148 1577 1275 1654 guber.

277 1669 362 1726 natae,
382 1649 403 1710 sr
424 1669 487 1710 non
509 1647 624 1708 laudem
646 1649 761 1720 mereri,
785 1645 1034 1726 reprehensionem
1052 1667 1133 1712 certe
1150 1652 1274 1732 vitare,

276 1729 372 1810 spero,
421 1741 548 1788 oterunt.
599 1723 629 1785 Si
651 1733 705 1784 tuo
724 1725 890 1786 satisfecero
914 1725 1038 1802 judicio,
1066 1725 1103 1790 de
1126 1731 1188 1794 reli
1244 1737 1253 1750 '

277 1807 354 1868 meis
376 1745 462 1868 relius
484 1806 584 1864 nunus
605 1801 750 1864 laborabo.
788 1805 925 1883 inprimis
942 1825 1012 1866 vero
1023 1805 1178 1874 sollicitus
1192 1752 1273 1878 sum

278 1879 316 1946 de
338 1883 438 1962 aliquo
461 1881 529 1943 loeo
553 1880 719 1954 commodo,
748 1880 803 1948 ubi
825 1903 870 1943 res
882 1881 956 1944 mihi
969 1883 1114 1964 impositas
1128 1885 1160 1950 δι
1176 1909 1273 1954 com.

277 1959 436 2034 mendatas,
465 1960 672 2038 &opportune
695 1977 806 2034 curare,
835 1959 942 2022 &tutu
955 1961 1124 2024 conservare
1134 1983 1269 2043 queam.

278 2039 329 2102 Ad
351 2037 426 2100 hanc
448 2035 689 2098 commoditatem
701 2035 774 2097 mihi
787 2037 984 2110 obtinendam,
1003 2040 1061 2102 sive
1072 2041 1153 2104 inter
1164 2047 1270 2110 Aulae

298 2117 410 2189 arietes,
434 2115 536 2176 sivein
552 2116 676 2190 alicujus
688 2115 798 2176 nobilis
818 2115 937 2187 familia,
956 2115 1028 2177 dum
1041 2139 1086 2180 res
1100 2139 1176 2181 mere
1196 2145 1270 2187 me.

275 2134 337 2257 l'ius
348 2189 511 2262 constitutae
523 2193 645 2268 fuerint,
655 2191 873 2282 quodammodo
883 2194 958 2254 mihi
971 2197 1113 2272 polliceor
1125 2203 1270 2288 gratiam

278 2289 361 2335 tuam
378 2271 640 2334 &audioritatemz
672 2289 761 2332 omne
771 2291 851 2340 emm
864 2273 971 2347 otium,
1020 2273 1080 2334 uod
1093 2277 1172 2340 mihi
1188 2283 1271 2344 reli.

278 2369 376 2430 quum
397 2351 462 2426 erit,
492 2347 527 2408 ab
549 2347 643 2410 officii
665 2347 723 2410 mei
744 2348 956 2428 perfunllione,
985 2351 1007 2410 li
1046 2349 1175 2416 ntillime
1233 2381 1270 2421 ο.

276 2445 379 2490 nerem
403 2430 434 2490 in
459 2427 635 2506 perlegendo
661 2425 825 2488 universam
850 2427 1003 2506 utriusque
1026 2430 1139 2510 linguae
1165 2379 1271 2500 laifin-

278 2507 361 2568 riam.
393 2506 422 2567 dt
448 2525 483 2566 eo
509 2505 650 2568 libentius
675 2503 707 2566 id
730 2506 866 2578 facerem,
894 2503 915 2566 si
941 2505 966 2568 is
990 2527 1073 2568 meus
1097 2509 1198 2586 labor,
1222 2519 1270 2578 ιι.

277 2585 344 2657 t'eri,
374 2585 427 2662 qui
453 2581 558 2660 eodem
582 2581 689 2664 gaudet
713 2580 820 2657 studio,
857 2581 924 2649 usui
948 2581 1002 2646 else
1026 2583 1118 2664 pollit.
1159 2589 1272 2676 Spem

278 2658 497 2741 prudentissume
521 2661 576 2734 vir,
606 2681 667 2720 non
692 2675 721 2720 te
747 2675 897 2737 propterea
919 2664 1020 2725 minus
1042 2664 1116 2726 bene
1141 2665 1184 2727 de
1212 2693 1270 2736 me

280 2739 453 2813 existimare,
485 2739 567 2816 quod
591 2738 665 2812 illas,
717 2759 767 2799 uas
792 2755 908 2811 vocant,
937 2742 1089 2799 Praebendas
1111 2764 1179 2806 non
1213 2750 1271 2811 ad.

281 2818 406 2878 modum
427 2816 502 2877 mihi
525 2833 667 2895 expetam.
696 2757 765 2877 saris
785 2819 872 2877 multi
892 2817 971 2890 sunt,
1003 2819 1151 2900 nimisque
1174 2831 1271 2892 mul.

280 2895 324 2967 ti,
363 2899 415 2974 qui
446 2895 497 2954 illa
529 2892 754 2956 extraordinaria
783 2894 914 2970 cujusvis
943 2897 1082 2960 utilitatis
1116 2910 1271 2986 aucupia,

281 2973 373 3035 nimis
399 2973 483 3032 avide
508 2971 718 3032 consediantur.
766 2971 890 3032 Istorum
915 2971 1070 3035 hominum
1093 2979 1269 3048 consilium

280 3071 342 3112 non
355 3071 412 3132 ego
425 3049 576 3130 impedire,
594 3070 648 3109 nec
660 3051 789 3110 multum
801 3045 1009 3132 reprehendere
1020 3051 1122 3116 sunni,-
1143 3077 1270 3124 corun.

281 3129 352 3188 dem
373 3146 472 3188 tamen
493 3148 549 3188 nec
572 3128 816 3188 consuetudinem
839 3129 929 3264 l'etppi,
957 3149 1012 3191 nec
1034 3151 1201 3200 numerum
1230 3142 1269 3204 in

282 3208 364 3268 Aula
385 3225 499 3282 augere,
527 3224 659 3282 unquam
681 3206 712 3265 in
731 3209 830 3266 animo
844 3206 879 3266 ha
900 3207 941 3266 ui.
981 3209 1087 3286 Neque
1099 3231 1207 3277 tamen
1222 3220 1269 3282 fic

280 3284 373 3344 durus
386 3285 415 3346 dt
428 3287 548 3361 iniquus
561 3284 635 3344 milri
649 3284 709 3360 ipse
720 3284 793 3355 sum,
823 3303 859 3345 ut
872 3286 1097 3349 commoditates
1109 3311 1194 3356 meas
1207 3315 1270 3360 aut

280 3362 439 3440 negligam,
460 3379 511 3421 aut
523 3361 588 3421 aliis
599 3361 711 3423 tradere
733 3364 844 3424 velim:
876 3363 923 3423 sed
938 3363 1126 3428 vehementer
1137 3371 1269 3438 laetatus

280 3427 356 3512 lium,
376 3460 446 3500 cum
470 3440 619 3519 superiore
642 3441 691 3499 die
710 3442 742 3499 in
755 3441 895 3501 cubiculo
907 3459 971 3515 tuo,
989 3445 1158 3518 pensionem
1172 3450 1269 3515 illam

281 3523 358 3574 Petri
368 3521 463 3590 Vannr',
484 3519 512 3577 &
533 3517 686 3577 dimidiam
710 3518 876 3596 presentem
899 3518 972 3581 mihi
993 3523 1128 3584 benivole
1142 3533 1268 3606 promi.

279 3595 361 3664 setis,
390 3596 575 3672 &reliquam
589 3596 678 3654 etiam
690 3597 833 3672 integram
846 3598 929 3657 brevi
942 3599 1027 3672 milli,
1047 3604 1181 3673 praec'am
1196 3605 1217 3665 s
1208 3627 1268 3688 pe,

278 3672 492 3754 sposponderis.
531 3671 587 3734 Sed
610 3673 689 3736 lianc
705 3694 778 3749 rem,
805 3675 980 3752 &reliquas
1002 3698 1105 3745 omnes
1115 3681 1280 3750 fortunas

1175 3782 1268 3828 meas
