2702 4442
206 182 270 290 70
311 147 375 245 o.
403 145 458 242 Ε.
484 113 901 246 aelurum
940 137 1128 246 varst.

202 313 342 392 Graecae
372 307 514 416 linguae
539 302 745 388 Thesauro
760 305 929 420 edendo,
957 309 1019 390 vel
1036 309 1166 420 potius
1181 305 1228 398 de

201 443 312 504 novo
323 417 506 518 thesauro
524 418 815 522 concinnando,
830 443 879 500 eo
908 419 1033 503 lravit.

258 534 375 615 Notae
392 534 433 614 in
451 529 672 614 universam
691 527 861 616 Ecclestae
874 445 1099 644 dugltcanae
1108 537 1219 621 litut-

232 669 322 726 ram.

136 801 140 806 ·
202 667 231 760 g
260 757 415 840 Scholia
430 781 479 838 ex
493 753 1059 856 MSS.Graecis,annotationes,
1078 761 1225 843 &tom-

203 869 391 954 mentarii-
410 870 452 950 in
469 867 641 979 quadam
664 862 854 950 sacrarum
874 865 1153 976 scripturarum
1172 896 1231 951 ca-

235 981 287 1064 ita
301 986 343 1066 δι
358 981 575 1090 periochas.
633 979 800 1060 utinam
816 983 926 1092 plura
944 980 1232 1097 &integrioral

203 1008 272 1178 ded
300 1091 525 1204 nescioqui
552 1093 593 1173 vi
627 1091 847 1204 impetuque
873 1091 1010 1176 mentis
1036 1095 1078 1178 in
1102 1096 1233 1208 magni

206 1207 422 1290 moliminis
449 1205 570 1287 initiis
607 1201 862 1314 saepenumerd
902 1203 1148 1316 impeditus,
1186 1207 1233 1288 ad

206 1323 284 1404 alia
312 1317 349 1400 se
381 1317 571 1400 divertere
599 1315 732 1400 solitus
761 1316 825 1400 est.
881 1322 1065 1400 Attamen
1082 1317 1121 1401 se
1138 1315 1232 1402 seno

206 1437 248 1516 &
268 1431 530 1539 maximopere
555 1426 606 1511 ad
626 1427 819 1511 edendum
837 1431 1009 1540 amplum
1026 1431 1069 1512 in
1092 1430 1237 1516 librum

205 1543 401 1652 integrum
430 1539 669 1624 Psalmorum
688 1543 1010 1624 commentarium
1040 1545 1239 1628 accinxitt

207 1658 384 1765 nihilque
396 1655 516 1762 magis
533 1656 574 1735 in
594 1653 775 1762 cogitatis
794 1655 833 1734 8<
851 1653 954 1742 votis
967 1651 1123 1758 habuit,
1137 1658 1240 1740 istius

207 1764 398 1886 propofiti
417 1765 613 1878 publicato
634 1763 852 1876 specimine.
910 1765 1090 1851 Editutus
1106 1791 1239 1852 autem

207 1902 291 1964 erat
321 1877 546 1962 Psalterium
574 1874 744 1982 ebraice,
772 1875 904 1962 oraece
920 1885 962 1961 ὃ(
981 1879 1135 1982 Latine,
1152 1905 1243 1966 cum

208 1990 406 2076 veteribus
424 1987 659 2072 versionibus
672 1992 823 2072 Gallici
841 1995 881 2074 &
901 1994 1094 2098 Romani,
1125 1995 1186 2076 uti
1204 1995 1242 2078 δι

207 2105 288 2204 lla,
317 2131 398 2215 quae
417 2129 467 2185 ex
486 2100 653 2187 Ebraico
667 2122 774 2183 textu
792 2103 1013 2186 immediate
1026 2101 1244 2210 derivatur,

210 2222 253 2300 8<
277 2219 394 2298 etiam
413 2213 579 2327 Coptice
606 2243 617 2296 ε
654 2235 767 2324 quam
784 2213 839 2297 ob
869 2238 950 2302 rem
980 2215 1244 2332 quincuplicis

207 2329 417 2430 Psalterii,a
438 2324 587 2434 Jacobo
611 2330 639 2410 F
641 2325 735 2409 abro
753 2328 959 2437 stapulenfi
983 2330 1026 2410 iu
1049 2327 1245 2415 coenobio

209 2447 244 2524 S.
277 2442 465 2526 Germani
493 2465 616 2550 prope
650 2465 779 2524 mutos
828 2439 1049 2524 Parilienses
1083 2447 1136 2528 Α.
1167 2445 1241 2528 Ch.

208 2555 265 2637 Μ.
287 2559 336 2636 D.
353 2560 455 2637 Vlll.
482 2549 660 2660 impreffi,
688 2556 897 2662 exemplat,
926 2557 1031 2664 quod
1050 2557 1241 2640 olimdo·

210 2664 360 2748 &illini
375 2666 520 2750 Pithoei
542 2685 636 2764 erat,
653 2664 795 2762 nactus,
809 2667 910 2748 illius
925 2668 1144 2768 Gallicum,
1162 2673 1244 2752 uo-

203 2806 384 2876 manum,
413 2783 451 2861 δι
476 2776 691 2876 uomicam,
718 2773 857 2888 infigni
884 2773 1075 2861 beneficio
1106 2784 1153 2865 &
1176 2783 1241 2865 hu-

210 2895 397 2975 manitate
424 2891 621 2972 reverendi
645 2890 684 2969 8<
701 2887 905 2972 doetiffirni
935 2892 1036 2995 Viri,
1075 2887 1239 3001 Joanm's

210 3003 451 3104 Mabillonii,
472 3029 558 3084 cum
573 2999 833 3112 manuscripto
846 2998 979 3084 codice
991 2997 1128 3112 probae
1145 3027 1241 3088 notae

208 3116 377 3224 ejusdem
389 3113 571 3197 Coenobii
586 3112 682 3196 olim
694 3118 874 3217 contulit,
889 3119 929 3197 ὃ(
945 3137 986 3198 ut
996 3115 1130 3200 seusus
1141 3121 1245 3203 Tex-

211 3227 273 3310 nis
288 3225 394 3326 sacti,
422 3232 527 3334 cujus
548 3249 753 3336 perpetuus
769 3231 808 3309 iu
829 3229 1069 3337 quotidianis
1085 3223 1246 3342 religio
1339 3291 1348 3318 2

211 3343 273 3422 nis
292 3360 376 3422 turn
397 3337 556 3446 publice
580 3362 660 3420 rum
677 3340 832 3448 private
850 3341 954 3450 apud
974 3345 1244 3434 omuesCltti-

211 3455 365 3551 silanos,
394 3455 461 3562 qui
477 3455 611 3559 pietati
633 3451 795 3551 student,
823 3451 958 3536 officiis
973 3457 1236 3564 exercitiispue

213 3568 265 3648 est
286 3565 385 3660 ul'us,
414 3569 545 3644 mellus
568 3584 634 3643 aut
662 3589 866 3662 erueretur,
893 3585 959 3646 aut
983 3567 1235 3668 illustraretur,

210 3676 401 3761 vetlioues
422 3677 651 3770 OrientaleS,
679 3681 720 3755 8(
737 3675 939 3786 praesertim
952 3679 1237 3788 Copticamse·

210 3788 302 3875 duld
318 3791 570 3870 examinavit.
628 3788 849 3870 Dolendum
866 3789 919 3870 eli
934 3792 1237 3900 quammaxime,

209 3901 354 4018 gruttde
379 3906 458 3985 hoc
478 3905 517 3984 8<
545 3898 793 4012 magnificum
812 3926 913 4010 opus
938 3929 1019 3985 nou
1045 3905 1241 4016 integrum

1106 4044 1242 4104 uume-
