2570 4462
126 283 132 316 ,
229 222 323 312 '326
368 171 1166 317 conuuuoaurrtrnu·n,&ass
1228 318 1230 324 ¹

249 337 313 408 Cur
337 334 489 416 Oppidani
515 332 606 397 nostri
629 334 735 396 nostris
758 331 910 412 postulatis
932 335 1094 400 resisterent
1106 360 1170 401 non
1188 337 1236 400 vi·
1262 351 1263 360 ²

250 413 371 477 mutus:
391 412 444 473 nist
457 414 551 474 veteri
576 412 735 474 efferantur
753 411 919 490 insolentia,
938 433 973 476 ut
985 417 1137 478 literarum
1151 437 1234 478 cotn-

180 553 185 566 ,
231 458 242 526 l
250 489 346 580 moda,
364 489 414 551 sua
437 490 549 580 ducant
571 490 691 582 semper·
707 488 920 554 incommoda·
936 493 969 552 id
982 494 1063 572 quod
1074 498 1183 574 majori
1195 515 1233 554 ne

183 589 188 603 ·
249 572 364 630 malina
386 569 509 642 faciunt,
528 589 566 628 an
587 571 743 646 imperitia,
765 571 911 630 incertum
931 567 981 632 cst.
1015 591 1085 634 cum
1098 573 1159 634 hoc
1172 591 1233 633 cer·

250 647 394 708 tissimum
406 643 513 719 existit,
524 665 559 708 ex
572 645 675 708 nostre
686 647 852 708 Academia
863 647 962 722 salute,
982 649 1021 710 src
1035 671 1158 712 omnem
1171 651 1234 728 Op·

273 725 427 786 idanorum
449 723 569 784 salutem
599 725 726 788 endere:
748 739 784 787 ut
797 725 903 803 opibus
925 724 1041 801 nostris,
1059 729 1232 792 feliciter&

284 819 422 872 rtunate,
445 822 501 878 ope
527 743 622 864 nollra
648 805 696 882 pie
721 803 752 894 dc
778 802 939 863 Christiane
965 806 1064 866 vivere
1088 825 1233 900 perpetuo

150 949 154 958 ·
248 877 384 1021 utu
402 879 1234 1038 latutrrirrrrtrlr0rsuuarru

250 1036 433 1116 equabilitas
454 1036 671 1098 moderatorum
697 1039 890 1109 contineatur,
909 1039 958 1097 vel
970 1057 1038 1098 vera
1048 1039 1171 1126 Religio
1181 1059 1235 1122 po·
1271 1057 1274 1124 ῑ

251 1117 331 1196 pulo,
340 1113 398 1174 Dei
410 1131 596 1194 propagetur,
624 1115 653 1177 er
667 1117 745 1176 nulla
757 1113 853 1176 nostra
865 1115 1016 1194 singularis
1037 1117 1235 1180 commodius
1272 1133 1274 1170 l

250 1191 461 1270 conquiratur:
482 1210 579 1267 certe,
598 1210 633 1254 ut
651 1191 790 1254 leniffime
811 1195 990 1270 loquamur,
1009 1197 1056 1255 vel
1077 1196 1234 1274 ingratiin
1273 1174 1275 1256 l

251 1268 497 1348 Rempublicam,
516 1271 563 1331 vel
577 1273 661 1348 impii
684 1272 716 1332 in
739 1271 927 1348 Religionem
941 1271 986 1331 illi
997 1268 1134 1335 homines
1156 1273 1237 1356 sunt,
1274 1257 1276 1348 l

252 1348 895 1488 slis?sdissslqlstdltrs‘ls
907 1346 1073 1490 lillis
1086 1351 1236 1491 iiiiii?
1274 1357 1277 1394 ¹

253 1503 353 1564 dentia
365 1447 576 1581 perficienduin
589 1474 644 1564 ell'e’
653 1503 806 1580 judicabit.
819 1508 851 1566 in
861 1446 1232 1582 cuiuiuniuraustoniate,

253 1581 330 1642 salus
351 1581 518 1642 Academiae
543 1580 647 1644 nostra
674 1581 730 1643 hoc
761 1601 894 1662 tempore
922 1584 1116 1662 conquiescit.
1158 1586 1233 1664 Quo

239 1660 378 1734 ,nomine
402 1659 492 1718 etiam
518 1676 606 1736 atque
630 1661 718 1720 etiam
736 1661 792 1721 tibi
812 1660 1003 1722 laborandum
1016 1660 1066 1736 est,
1089 1679 1127 1723 ut
1139 1660 1236 1726 subte

256 1738 408 1798 literarum
431 1735 597 1815 dignissimo
610 1757 744 1816 patrono,
755 1759 787 1800 ea
801 1737 929 1818 dignitas
951 1740 1045 1800 literis
1057 1738 1236 1822 restituatur,

257 1817 331 1874 &ea
344 1813 449 1891 spes&
469 1815 600 1876 alacritas
623 1816 773 1877 literarum
793 1815 897 1877 studiis
918 1834 1108 1896 proponatur,
1131 1837 1235 1898 etqua

257 1910 309 1952 tua
324 1895 466 1970 praecipua
478 1895 549 1965 laus,
563 1892 711 1956 certissima
725 1895 906 1973 Reipublicae
920 1913 1098 1969 ornamenta,
1110 1901 1236 1960 maxima
1276 1887 1281 1913 ⁴

234 1969 879 2068 ⁵Religionispraesrdiafeliciterefflortscant.
899 1972 1213 2054 DommusJesucee.

504 2291 508 2334 ἶ
540 2241 660 2328 aar
685 2243 708 2316 s
730 2239 777 2314 τ.
825 2237 972 2316 xxvii.

641 2380 861 2443 EIDEM.

542 2533 636 2587 PRO
665 2529 936 2586 acauEMtA.

348 2663 421 2724 ΗΜ
442 2679 472 2724 te
485 2665 580 2724 virtus
593 2681 652 2736 tua,
678 2662 706 2722 δι
720 2662 862 2738 singulare
876 2661 1031 2737 ingenium
1045 2661 1160 2737 magnis
1174 2661 1242 2721 lite·

325 2752 330 2763 “
364 2763 462 2802 rarum
475 2741 611 2821 praefidiis
636 2744 815 2800 ornatumin
834 2739 949 2800 summo
970 2739 1122 2815 dignitatis
1148 2738 1241 2814 gradu

260 2822 461 2889 collocaverit,
484 2819 657 2880 ornatissime
677 2818 744 2889 Vir,
771 2816 842 2877 nihil
868 2818 998 2892 profesio
1015 2816 1055 2876 est
1075 2816 1123 2877 vel
1136 2818 1168 2876 in
1192 2815 1242 2892 spe

259 2896 354 2960 nostra
370 2901 472 2971 majus,
488 2900 533 2957 vel
548 2901 579 2957 in
594 2898 726 2957 sermone
740 2895 835 2956 nostro
849 2896 1042 2970 frequentius,
1057 2914 1146 2974 quam
1158 2891 1243 2971 quod

259 2993 293 3032 tu
306 2993 445 3052 perpetuo
459 2977 515 3046 vir,
535 2975 700 3034 universam
713 2972 786 3034 hanc
802 2975 943 3050 praeclara:
956 2973 1082 3033 fortune
1096 2992 1155 3034 ωε
1174 2971 1243 3050 dig·

259 3054 407 3126 nitatem,
438 3051 560 3114 viciffim
574 3054 608 3111 ad
622 3055 762 3113 virtutem
787 3052 815 3111 δι
840 3053 989 3111 literarum
1016 3050 1145 3112 studium
1168 3069 1244 3110 con-

259 3147 384 3190 vertere.
424 3133 542 3192 Etcum
562 3151 617 3190 nos
644 3151 745 3190 omnes
769 3131 974 3204 intelligimus,
997 3147 1111 3206 quanto
1129 3128 1243 3200 favore,

259 3227 324 3284 ope,
336 3211 364 3269 dt
376 3211 477 3285 gratia,
497 3210 626 3285 singulos
639 3210 771 3284 quosque
782 3208 993 3285 complcslcris,
1013 3209 1067 3284 qui
1087 3209 1240 3267 literamm

258 3289 380 3345 nomine
401 3307 457 3346 ate
481 3290 640 3364 quicquam
665 3306 793 3364 petunt:
813 3287 898 3346 nullo
917 3286 1008 3344 modo
1030 3283 1096 3344 sane
1118 3281 1240 3344 diffiteri

257 3361 426 3441 possumus,
458 3370 530 3439 quin
554 3387 607 3424 nos
631 3365 801 3436 universos,
832 3386 902 3423 curn
926 3363 1062 3424 universa
1086 3366 1239 3424 literarum

256 3440 350 3500 caussa
367 3488 374 3512 ,
393 3440 428 3498 ad
448 3457 477 3500 te
498 3444 721 3518 confugientes,
742 3443 862 3502 consilio
877 3445 905 3500 dc
930 3441 1104 3502 autloritate
1124 3457 1174 3502 tua
1190 3437 1241 3498 ad·

256 3521 357 3600 juvare
377 3520 459 3578 velit.
499 3521 611 3594 Atque,
635 3541 704 3579 cum
723 3522 840 3578 nullum
860 3520 1030 3578 benificium
1050 3521 1098 3579 vel
1112 3519 1241 3594 amplius

257 3597 291 3656 ad
303 3596 487 3676 splendorem
514 3594 626 3668 existat,
643 3600 692 3656 vel
708 3600 792 3656 latius
806 3597 840 3655 ad
867 3599 1050 3676 Reipublicu
1073 3599 1241 3656 utilitatem

259 3693 381 3750 emanet,
401 3693 490 3750 quom
508 3674 540 3738 id
559 3674 640 3753 quod
661 3679 695 3736 in
714 3677 870 3738 universos
895 3675 1136 3739 transfundatur:
1158 3672 1242 3734 nihil

1166 3769 1237 3828 pto·
