2646 4448
191 99 270 206 94-
330 1 1167 168 Auu.uvnrruoronvn
1291 120 1294 194 *X

652 339 756 422 XIII.

221 494 475 605 Ludovicus
498 498 549 595 de
576 497 681 597 four
699 496 875 594 Koberto
898 499 1192 632 Huntingtonn

335 785 466 880 Quum
482 761 550 878 est,
587 769 660 856 Vlr
686 767 909 877 douiffime,
935 787 980 854 ut
1007 795 1091 881 pto
1112 769 1217 854 tantls
1310 857 1312 866 ,

366 884 554 972 beneficiis
580 888 656 969 tuis
675 887 718 968 iu
741 911 803 968 me
822 879 973 996 prorsus
988 885 1221 966 immetiutm

193 1003 346 1084 collatis
377 999 508 1082 saltem
538 993 608 1080 tibi
638 999 781 1107 gratias
806 1023 953 1108 agam3
981 999 1141 1080 utinam
1161 1019 1224 1107 pat

194 1115 283 1228 pati
299 1110 371 1195 tibi
390 1110 525 1196 referre
546 1104 703 1219 polleni.
759 1109 870 1192 sarrit
889 1114 1011 1210 Deus,
1038 1115 1097 1192 Ο.
1116 1112 1172 1190 Μ.
1188 1127 1227 1192 ttt

128 1318 131 1328 Ι
196 1225 407 1334 aliquando
430 1226 478 1306 de
507 1246 543 1302 te
564 1221 852 1304 benemerendi
874 1217 1122 1304 occafionem
1140 1247 1229 1304 nan·

195 1334 286 1418 cisci
320 1364 467 1447 queam.
531 1337 691 1416 luterim
708 1338 881 1444 gratulor
908 1331 996 1434 tibi,
1041 1331 1228 1442 primum,

195 1449 303 1560 quod
334 1453 376 1530 in
419 1449 584 1558 patriam
612 1445 733 1527 redux
765 1449 1030 1528 incolumitate
1060 1445 1231 1530 srrrarist

195 1587 312 1672 quam
336 1583 376 1642 ur
397 1563 468 1646 ribi
490 1559 557 1644 diu
585 1559 709 1642 servet
732 1557 933 1668 supernum
955 1561 1136 1660 Numen,
1174 1559 1229 1669 ip⁶

196 1675 279 1756 sum
306 1674 449 1756 intimo
469 1675 601 1754 nunno
633 1671 854 1780 deprecor3
891 1670 1087 1781 praeterei,
1126 1667 1230 1780 quod

195 1811 275 1868 tam
295 1788 458 1868 divitem
498 1784 684 1870 librorum
709 1785 1061 1894 manuscriptorum
1091 1807 1228 1893 gazam

194 1902 236 1983 in
256 1901 417 1982 Oriente
444 1897 655 2006 collegeris,
684 1919 828 1979 utrum
852 1896 966 2007 regiis
984 1897 1095 2006 gazis
1113 1897 1229 2006 aequi³

194 2014 323 2122 parari
354 2009 479 2120 possit.
534 2019 780 2119 summopere
798 2009 953 2120 quidem
972 2013 1128 2092 laetatus
1149 2011 1228 2090 sum

195 2145 320 2208 tantas
349 2126 549 2208 litterarius
576 2148 670 2232 opes
687 2144 766 2204 tam
786 2124 911 2234 digno
929 2117 1070 2204 celliffe
1090 2117 1229 2233 posses·

195 2234 284 2318 sori.
345 2236 466 2318 Valrsc
496 2235 728 2318 destiturum
749 2262 811 2316 me
837 2259 1015 2342 excerpta
1033 2233 1226 2317 Chrouiti

194 2349 439 2448 Sauraritani,
476 2377 522 2431 ex
552 2345 689 2457 quibus
721 2348 830 2428 utilia
864 2350 984 2428 multa
1011 2371 1076 2429 me
1095 2369 1226 2429 eruere

194 2458 301 2570 polle
336 2459 457 2568 spero,
515 2461 612 2541 Cum
646 2461 719 2542 hnc
753 2461 796 2541 in
827 2456 922 2542 urbe
951 2455 1223 2568 jucundiliimo

195 2577 395 2682 colloquio
418 2592 487 2656 tuo
516 2573 590 2654 frui
619 2573 720 2654 mihi
740 2570 905 2680 permifit
924 2574 1046 2672 Deus»,
1074 2569 1223 2656 ostendi

196 2683 271 2768 tibi
310 2690 501 2796 exemplar
538 2711 666 2768 meum
694 2684 949 2775 Penateuchi
977 2683 1223 2768 Arabico-Sa*

197 2797 395 2898 maritum,
423 2796 530 2907 quod
550 2824 598 2879 ex
626 2795 774 2880 duobus
795 2793 1064 2905 manuscriptis
1083 2793 1218 2880 biblio

198 2910 316 2992 thecae
348 2915 481 3022 Regiae
517 2913 617 2992 inter
644 2909 684 2991 se
716 2909 864 2991 collatis
891 2905 1059 2991 describi
1076 2907 1211 3004 curavi,

196 3048 286 3103 curn
308 3021 534 3129 quibusdam
546 3022 648 3106 notis
663 3019 950 3135 marginalibus,
958 3046 1055 3132 quas
1072 3047 1123 3105 ex
1134 3026 1213 3104 Ara·

197 3131 288 3216 bico
300 3134 472 3218 sermone
487 3137 528 3217 in
543 3138 722 3218 Latinum
743 3136 929 3216 converti.
986 3138 1100 3217 Hanc
1116 3133 1217 3244 opel⁴

196 3246 278 3330 lam
303 3245 352 3326 uri
380 3269 416 3329 te
435 3249 476 3330 in
497 3251 677 3359 Angliam
694 3268 765 3329 tuo
784 3244 931 3356 judicio
946 3243 1216 3358 subjiciendam

198 3357 492 3442 transmitterent
508 3359 686 3460 libenter,
716 3355 786 3440 nist
805 3354 876 3441 tibi
895 3357 1146 3470 gravioribus
1159 3381 1216 3443 oc·

197 3470 468 3581 cuparionibus
480 3473 643 3556 distento
663 3499 723 3556 me
742 3471 857 3554 nimis
875 3473 1145 3582 importunum
1160 3496 1214 3556 er·

199 3585 332 3668 hibere
364 3611 521 3668 vererer.
589 3588 648 3670 Te
682 3584 816 3684 etiam,
856 3581 1214 3698 eruditiffimumque

198 3697 364 3781 vestrum
393 3701 620 3801 Pocolium,
659 3696 852 3783 Arabismi
880 3699 1105 3803 Oraculum,
1133 3724 1218 3783 con·

199 3806 319 3895 solere
333 3813 580 3904 uehementer
595 3830 775 3925 optarem
793 3813 893 3899 circa
915 3816 1109 3902 nonnulla
1126 3817 1219 3906 loca,

1139 3946 1216 4032 qux
