<?xml version="1.0" encoding="UTF-8"?>
<!DOCTYPE html PUBLIC "-//W3C//DTD XHTML 1.0 Transitional//EN"
    "http://www.w3.org/TR/xhtml1/DTD/xhtml1-transitional.dtd">
<html xmlns="http://www.w3.org/1999/xhtml" xml:lang="en" lang="en">
 <head>
  <title>
</title>
<meta http-equiv="Content-Type" content="text/html;charset=utf-8" />
  <meta name='ocr-system' content='tesseract 3.04.00' />
  <meta name='ocr-capabilities' content='ocr_page ocr_carea ocr_par ocr_line ocrx_word'/>
</head>
<body>
  <div class='ocr_page' id='page_1' title='image "./rogeriaschamiep00sturgoog_0800.png"; bbox 0 0 2646 4448; ppageno 0'>
   <div class='ocr_carea' id='block_1_1' title="bbox 221 135 1137 252">
    <p class='ocr_par' dir='ltr' id='par_1_1' title="bbox 221 135 1137 252">
     <span class='ocr_line' id='line_1_1' title="bbox 221 135 1137 252; baseline -0.011 0"><span class='ocrx_word' id='word_1_1' title='bbox 221 156 253 252; x_wconf 83' lang='lat'>6</span> <span class='ocrx_word' id='word_1_2' title='bbox 325 153 390 250; x_wconf 83' lang='lat' dir='ltr'><strong>D.</strong></span> <span class='ocrx_word' id='word_1_3' title='bbox 418 149 471 246; x_wconf 83' lang='lat' dir='ltr'><strong>E.</strong></span> <span class='ocrx_word' id='word_1_4' title='bbox 496 147 906 248; x_wconf 75' lang='lat' dir='ltr'><em>BEKNARDI</em></span> <span class='ocrx_word' id='word_1_5' title='bbox 935 135 1137 242; x_wconf 69' lang='lat' dir='ltr'><strong>urta</strong></span> 
     </span>
    </p>
   </div>
   <div class='ocr_carea' id='block_1_2' title="bbox 219 295 1309 407">
    <p class='ocr_par' dir='ltr' id='par_1_2' title="bbox 219 295 1309 407">
     <span class='ocr_line' id='line_1_2' title="bbox 219 295 1309 407; baseline -0.009 -13"><span class='ocrx_word' id='word_1_6' title='bbox 219 305 302 394; x_wconf 75' lang='lat' dir='ltr'><strong>tier</strong></span> <span class='ocrx_word' id='word_1_7' title='bbox 321 310 458 407; x_wconf 85' lang='lat' dir='ltr'><strong>veteri,</strong></span> <span class='ocrx_word' id='word_1_8' title='bbox 482 335 532 390; x_wconf 82' lang='lat' dir='ltr'><strong>ex</strong></span> <span class='ocrx_word' id='word_1_9' title='bbox 547 308 814 390; x_wconf 84' lang='lat' dir='ltr'><strong>Conciliorunt</strong></span> <span class='ocrx_word' id='word_1_10' title='bbox 831 303 1044 392; x_wconf 85' lang='lat' dir='ltr'><strong>canonibus</strong></span> <span class='ocrx_word' id='word_1_11' title='bbox 1064 309 1238 390; x_wconf 81' lang='lat' dir='ltr'><strong>Patruin-</strong></span> <span class='ocrx_word' id='word_1_12' title='bbox 1308 295 1309 304; x_wconf 61' lang='lat'>&#39;</span> 
     </span>
    </p>
   </div>
   <div class='ocr_carea' id='block_1_3' title="bbox 219 415 1309 615">
    <p class='ocr_par' dir='ltr' id='par_1_3' title="bbox 219 415 1309 615">
     <span class='ocr_line' id='line_1_3' title="bbox 219 415 1309 615; baseline -0.006 -110"><span class='ocrx_word' id='word_1_13' title='bbox 219 447 295 615; x_wconf 76' lang='lat' dir='ltr'><strong>que</strong></span> <span class='ocrx_word' id='word_1_14' title='bbox 314 420 463 531; x_wconf 89' lang='lat' dir='ltr'><strong>scriptis</strong></span> <span class='ocrx_word' id='word_1_15' title='bbox 484 416 628 521; x_wconf 73' lang='lat' dir='ltr'><strong>hausti,</strong></span> <span class='ocrx_word' id='word_1_16' title='bbox 656 417 678 498; x_wconf 66' lang='lat' dir='ltr'><strong>*e</strong></span> <span class='ocrx_word' id='word_1_17' title='bbox 705 417 946 530; x_wconf 85' lang='lat' dir='ltr'>compendiis</span> <span class='ocrx_word' id='word_1_18' title='bbox 971 423 1013 504; x_wconf 76' lang='lat'><strong>8&lt;</strong></span> <span class='ocrx_word' id='word_1_19' title='bbox 1032 417 1239 526; x_wconf 79' lang='lat' dir='ltr'><strong>systemati·</strong></span> <span class='ocrx_word' id='word_1_20' title='bbox 1308 415 1309 438; x_wconf 67' lang='lat'>¹</span> 
     </span>
    </p>
   </div>
   <div class='ocr_carea' id='block_1_4' title="bbox 222 525 1248 4077">
    <p class='ocr_par' dir='ltr' id='par_1_4' title="bbox 222 525 1247 1980">
     <span class='ocr_line' id='line_1_4' title="bbox 251 525 1240 642; baseline -0.002 -28"><span class='ocrx_word' id='word_1_21' title='bbox 251 557 293 614; x_wconf 90' lang='lat' dir='ltr'><strong>us</strong></span> <span class='ocrx_word' id='word_1_22' title='bbox 312 530 596 616; x_wconf 70' lang='lat' dir='ltr'><strong>introductam:</strong></span> <span class='ocrx_word' id='word_1_23' title='bbox 624 527 780 613; x_wconf 81' lang='lat' dir='ltr'><strong>haeteses</strong></span> <span class='ocrx_word' id='word_1_24' title='bbox 799 529 939 642; x_wconf 91' lang='lat' dir='ltr'><strong>ubique</strong></span> <span class='ocrx_word' id='word_1_25' title='bbox 953 533 1057 642; x_wconf 87' lang='lat' dir='ltr'><strong>apud</strong></span> <span class='ocrx_word' id='word_1_26' title='bbox 1080 525 1240 642; x_wconf 59' lang='lat' dir='ltr'><strong>plebeo</strong></span> 
     </span>
     <span class='ocr_line' id='line_1_5' title="bbox 222 637 1235 753; baseline -0.002 -28"><span class='ocrx_word' id='word_1_27' title='bbox 222 637 436 726; x_wconf 84' lang='lat' dir='ltr'><strong>istiusmodi</strong></span> <span class='ocrx_word' id='word_1_28' title='bbox 460 639 634 726; x_wconf 87' lang='lat' dir='ltr'><strong>versutiis</strong></span> <span class='ocrx_word' id='word_1_29' title='bbox 663 637 831 726; x_wconf 71' lang='lat' dir='ltr'><strong>maxime</strong></span> <span class='ocrx_word' id='word_1_30' title='bbox 858 641 1090 742; x_wconf 77' lang='lat' dir='ltr'><strong>obnoxiam,</strong></span> <span class='ocrx_word' id='word_1_31' title='bbox 1120 645 1235 753; x_wconf 93' lang='lat' dir='ltr'><strong>pullu·</strong></span> 
     </span>
     <span class='ocr_line' id='line_1_6' title="bbox 222 749 1231 862; baseline -0.004 -24"><span class='ocrx_word' id='word_1_32' title='bbox 222 750 322 854; x_wconf 78' lang='lat' dir='ltr'><strong>lille,</strong></span> <span class='ocrx_word' id='word_1_33' title='bbox 348 751 513 862; x_wconf 85' lang='lat' dir='ltr'><strong>aliasque</strong></span> <span class='ocrx_word' id='word_1_34' title='bbox 526 749 683 836; x_wconf 86' lang='lat' dir='ltr'><strong>insulsas</strong></span> <span class='ocrx_word' id='word_1_35' title='bbox 700 753 922 862; x_wconf 88' lang='lat' dir='ltr'><strong>opiniones,</strong></span> <span class='ocrx_word' id='word_1_36' title='bbox 952 755 1108 838; x_wconf 84' lang='lat' dir='ltr'><strong>veritati</strong></span> <span class='ocrx_word' id='word_1_37' title='bbox 1130 756 1231 836; x_wconf 89' lang='lat' dir='ltr'><strong>Chri-</strong></span> 
     </span>
     <span class='ocr_line' id='line_1_7' title="bbox 223 861 1231 975; baseline -0.006 -25"><span class='ocrx_word' id='word_1_38' title='bbox 223 869 349 950; x_wconf 85' lang='lat' dir='ltr'><strong>stianae</strong></span> <span class='ocrx_word' id='word_1_39' title='bbox 372 868 413 948; x_wconf 74' lang='grc' dir='ltr'><strong>ὅ(</strong></span> <span class='ocrx_word' id='word_1_40' title='bbox 430 867 564 948; x_wconf 85' lang='lat' dir='ltr'><strong>vereris</strong></span> <span class='ocrx_word' id='word_1_41' title='bbox 590 861 756 954; x_wconf 79' lang='lat' dir='ltr'><strong>Ecclefiae</strong></span> <span class='ocrx_word' id='word_1_42' title='bbox 785 861 874 950; x_wconf 81' lang='lat' dir='ltr'><strong>fidei</strong></span> <span class='ocrx_word' id='word_1_43' title='bbox 891 866 1149 964; x_wconf 80' lang='lat' dir='ltr'>adversantes,</span> <span class='ocrx_word' id='word_1_44' title='bbox 1171 891 1231 975; x_wconf 88' lang='lat' dir='ltr'><strong>pa·</strong></span> 
     </span>
     <span class='ocr_line' id='line_1_8' title="bbox 224 971 1237 1090; baseline 0 -30"><span class='ocrx_word' id='word_1_45' title='bbox 224 971 302 1060; x_wconf 88' lang='lat' dir='ltr'><strong>ianr</strong></span> <span class='ocrx_word' id='word_1_46' title='bbox 329 977 603 1090; x_wconf 81' lang='lat' dir='ltr'>propugnari:</span> <span class='ocrx_word' id='word_1_47' title='bbox 642 981 785 1062; x_wconf 77' lang='lat' dir='ltr'><strong>rnttltos</strong></span> <span class='ocrx_word' id='word_1_48' title='bbox 814 979 978 1088; x_wconf 84' lang='lat' dir='ltr'><strong>denique</strong></span> <span class='ocrx_word' id='word_1_49' title='bbox 1006 979 1049 1060; x_wconf 91' lang='lat' dir='ltr'><strong>in</strong></span> <span class='ocrx_word' id='word_1_50' title='bbox 1078 975 1237 1085; x_wconf 75' lang='lat' dir='ltr'><strong>utrilqoe</strong></span> 
     </span>
     <span class='ocr_line' id='line_1_9' title="bbox 227 1083 1241 1200; baseline -0.006 -26"><span class='ocrx_word' id='word_1_51' title='bbox 227 1089 440 1174; x_wconf 81' lang='lat' dir='ltr'><strong>Academiis</strong></span> <span class='ocrx_word' id='word_1_52' title='bbox 459 1095 532 1173; x_wconf 88' lang='lat' dir='ltr'><strong>hac</strong></span> <span class='ocrx_word' id='word_1_53' title='bbox 600 1086 650 1170; x_wconf 86' lang='lat' dir='ltr'><strong>sle</strong></span> <span class='ocrx_word' id='word_1_54' title='bbox 666 1083 828 1190; x_wconf 79' lang='lat' dir='ltr'><strong>afflatos,</strong></span> <span class='ocrx_word' id='word_1_55' title='bbox 856 1088 959 1200; x_wconf 89' lang='lat' dir='ltr'><strong>quast</strong></span> <span class='ocrx_word' id='word_1_56' title='bbox 983 1090 1139 1174; x_wconf 77' lang='lat' dir='ltr'><strong>ecstasin</strong></span> <span class='ocrx_word' id='word_1_57' title='bbox 1163 1085 1241 1196; x_wconf 73' lang='lat' dir='ltr'><strong>pas</strong></span> 
     </span>
     <span class='ocr_line' id='line_1_10' title="bbox 225 1197 1242 1312; baseline 0 -29"><span class='ocrx_word' id='word_1_58' title='bbox 225 1201 301 1300; x_wconf 86' lang='lat' dir='ltr'><strong>sos,</strong></span> <span class='ocrx_word' id='word_1_59' title='bbox 328 1203 368 1282; x_wconf 74' lang='grc' dir='ltr'><strong>ὅ(</strong></span> <span class='ocrx_word' id='word_1_60' title='bbox 391 1199 564 1312; x_wconf 77' lang='lat' dir='ltr'><strong>rel-igiod</strong></span> <span class='ocrx_word' id='word_1_61' title='bbox 588 1197 735 1283; x_wconf 76' lang='lat' dir='ltr'><strong>insania</strong></span> <span class='ocrx_word' id='word_1_62' title='bbox 762 1199 976 1312; x_wconf 81' lang='lat' dir='ltr'><strong>flagrantes,</strong></span> <span class='ocrx_word' id='word_1_63' title='bbox 1003 1201 1052 1287; x_wconf 91' lang='lat' dir='ltr'><strong>de</strong></span> <span class='ocrx_word' id='word_1_64' title='bbox 1080 1201 1118 1284; x_wconf 89' lang='lat' dir='ltr'><strong>se</strong></span> <span class='ocrx_word' id='word_1_65' title='bbox 1140 1224 1242 1308; x_wconf 78' lang='lat' dir='ltr'><strong>mag-</strong></span> 
     </span>
     <span class='ocr_line' id='line_1_11' title="bbox 228 1309 1245 1423; baseline -0.004 -27"><span class='ocrx_word' id='word_1_66' title='bbox 228 1311 342 1396; x_wconf 86' lang='lat' dir='ltr'><strong>nifice</strong></span> <span class='ocrx_word' id='word_1_67' title='bbox 365 1313 512 1412; x_wconf 85' lang='lat' dir='ltr'><strong>sentire,</strong></span> <span class='ocrx_word' id='word_1_68' title='bbox 549 1329 732 1421; x_wconf 88' lang='lat' dir='ltr'><strong>tanquam</strong></span> <span class='ocrx_word' id='word_1_69' title='bbox 764 1309 908 1409; x_wconf 79' lang='lat' dir='ltr'><strong>coelesti</strong></span> <span class='ocrx_word' id='word_1_70' title='bbox 924 1315 1050 1423; x_wconf 85' lang='lat' dir='ltr'><strong>gratia</strong></span> <span class='ocrx_word' id='word_1_71' title='bbox 1077 1313 1245 1408; x_wconf 83' lang='lat' dir='ltr'><strong>donatis,</strong></span> 
     </span>
     <span class='ocr_line' id='line_1_12' title="bbox 227 1422 1245 1534; baseline -0.001 -26"><span class='ocrx_word' id='word_1_72' title='bbox 227 1445 381 1508; x_wconf 79' lang='lat' dir='ltr'><strong>caeteros</strong></span> <span class='ocrx_word' id='word_1_73' title='bbox 395 1449 543 1526; x_wconf 86' lang='lat' dir='ltr'><strong>omnes,</strong></span> <span class='ocrx_word' id='word_1_74' title='bbox 553 1440 734 1533; x_wconf 85' lang='lat' dir='ltr'><strong>tanquam</strong></span> <span class='ocrx_word' id='word_1_75' title='bbox 750 1425 949 1534; x_wconf 81' lang='lat' dir='ltr'><strong>profanos,</strong></span> <span class='ocrx_word' id='word_1_76' title='bbox 966 1426 1007 1505; x_wconf 79' lang='lat'><strong>8&lt;</strong></span> <span class='ocrx_word' id='word_1_77' title='bbox 1025 1422 1079 1508; x_wconf 87' lang='lat' dir='ltr'><strong>ab</strong></span> <span class='ocrx_word' id='word_1_78' title='bbox 1092 1427 1245 1507; x_wconf 87' lang='lat' dir='ltr'><strong>illorum</strong></span> 
     </span>
     <span class='ocr_line' id='line_1_13' title="bbox 232 1533 1247 1636; baseline -0.004 -18"><span class='ocrx_word' id='word_1_79' title='bbox 232 1540 275 1620; x_wconf 92' lang='lat' dir='ltr'><strong>in</strong></span> <span class='ocrx_word' id='word_1_80' title='bbox 296 1534 406 1619; x_wconf 85' lang='lat' dir='ltr'><strong>sacris</strong></span> <span class='ocrx_word' id='word_1_81' title='bbox 424 1535 619 1618; x_wconf 92' lang='lat' dir='ltr'><strong>consortio</strong></span> <span class='ocrx_word' id='word_1_82' title='bbox 627 1539 827 1636; x_wconf 83' lang='lat' dir='ltr'><strong>arcendos,</strong></span> <span class='ocrx_word' id='word_1_83' title='bbox 847 1533 1039 1618; x_wconf 81' lang='lat' dir='ltr'><strong>aversari:</strong></span> <span class='ocrx_word' id='word_1_84' title='bbox 1057 1533 1247 1620; x_wconf 82' lang='lat' dir='ltr'><strong>hincsuos</strong></span> 
     </span>
     <span class='ocr_line' id='line_1_14' title="bbox 231 1643 1247 1756; baseline -0.005 -25"><span class='ocrx_word' id='word_1_85' title='bbox 231 1666 446 1732; x_wconf 88' lang='lat' dir='ltr'><strong>conventus</strong></span> <span class='ocrx_word' id='word_1_86' title='bbox 462 1643 609 1729; x_wconf 83' lang='lat' dir='ltr'><strong>seorsim</strong></span> <span class='ocrx_word' id='word_1_87' title='bbox 623 1671 748 1756; x_wconf 86' lang='lat' dir='ltr'><strong>agere,</strong></span> <span class='ocrx_word' id='word_1_88' title='bbox 761 1645 999 1730; x_wconf 82' lang='lat' dir='ltr'><strong>Eucharistiae</strong></span> <span class='ocrx_word' id='word_1_89' title='bbox 1013 1646 1247 1730; x_wconf 83' lang='lat' dir='ltr'><strong>sacramento</strong></span> 
     </span>
     <span class='ocr_line' id='line_1_15' title="bbox 231 1758 1246 1870; baseline -0.004 -29"><span class='ocrx_word' id='word_1_90' title='bbox 231 1760 439 1869; x_wconf 88' lang='lat' dir='ltr'><strong>perplures</strong></span> <span class='ocrx_word' id='word_1_91' title='bbox 460 1781 584 1842; x_wconf 85' lang='lat' dir='ltr'><strong>annos</strong></span> <span class='ocrx_word' id='word_1_92' title='bbox 603 1777 683 1839; x_wconf 86' lang='lat' dir='ltr'><strong>tarn</strong></span> <span class='ocrx_word' id='word_1_93' title='bbox 699 1758 741 1838; x_wconf 91' lang='lat' dir='ltr'><strong>in</strong></span> <span class='ocrx_word' id='word_1_94' title='bbox 759 1762 903 1870; x_wconf 88' lang='lat' dir='ltr'><strong>templo</strong></span> <span class='ocrx_word' id='word_1_95' title='bbox 918 1763 957 1841; x_wconf 89' lang='lat' dir='ltr'><strong>B.</strong></span> <span class='ocrx_word' id='word_1_96' title='bbox 966 1759 1113 1857; x_wconf 68' lang='lat' dir='ltr'><strong>Maria,</strong></span> <span class='ocrx_word' id='word_1_97' title='bbox 1133 1777 1246 1868; x_wconf 80' lang='lat' dir='ltr'><strong>quatu</strong></span> 
     </span>
     <span class='ocr_line' id='line_1_16' title="bbox 229 1865 1247 1980; baseline 0 -28"><span class='ocrx_word' id='word_1_98' title='bbox 229 1871 275 1954; x_wconf 91' lang='lat' dir='ltr'><strong>in</strong></span> <span class='ocrx_word' id='word_1_99' title='bbox 292 1870 535 1980; x_wconf 86' lang='lat' dir='ltr'><strong>quorundam</strong></span> <span class='ocrx_word' id='word_1_100' title='bbox 560 1865 824 1978; x_wconf 86' lang='lat' dir='ltr'><strong>Collegiorurn</strong></span> <span class='ocrx_word' id='word_1_101' title='bbox 850 1867 993 1956; x_wconf 83' lang='lat' dir='ltr'><strong>sacellis</strong></span> <span class='ocrx_word' id='word_1_102' title='bbox 1015 1874 1174 1979; x_wconf 86' lang='lat' dir='ltr'><strong>penitus</strong></span> <span class='ocrx_word' id='word_1_103' title='bbox 1194 1867 1247 1952; x_wconf 88' lang='lat' dir='ltr'><strong>iu·</strong></span> 
     </span>
    </p>

    <p class='ocr_par' dir='ltr' id='par_1_5' title="bbox 231 1978 1248 4077">
     <span class='ocr_line' id='line_1_17' title="bbox 231 1978 897 2063; baseline -0.014 0"><span class='ocrx_word' id='word_1_104' title='bbox 231 1978 413 2063; x_wconf 85' lang='lat' dir='ltr'><strong>tertnillo.</strong></span> <span class='ocrx_word' id='word_1_105' title='bbox 896 2050 897 2054; x_wconf 13' lang='lat' dir='ltr'><strong>t</strong></span> 
     </span>
     <span class='ocr_line' id='line_1_18' title="bbox 253 2089 1245 2201; baseline -0.004 -25"><span class='ocrx_word' id='word_1_106' title='bbox 253 2153 257 2160; x_wconf 83' lang='lat'>-</span> <span class='ocrx_word' id='word_1_107' title='bbox 291 2098 338 2176; x_wconf 86' lang='lat' dir='ltr'><strong>Et</strong></span> <span class='ocrx_word' id='word_1_108' title='bbox 359 2091 444 2174; x_wconf 73' lang='lat' dir='ltr'><strong>saite</strong></span> <span class='ocrx_word' id='word_1_109' title='bbox 462 2090 510 2174; x_wconf 86' lang='lat' dir='ltr'><strong>de</strong></span> <span class='ocrx_word' id='word_1_110' title='bbox 529 2089 716 2200; x_wconf 85' lang='lat' dir='ltr'><strong>religione</strong></span> <span class='ocrx_word' id='word_1_111' title='bbox 733 2089 873 2200; x_wconf 67' lang='lat' dir='ltr'><strong>paritet</strong></span> <span class='ocrx_word' id='word_1_112' title='bbox 891 2115 935 2172; x_wconf 88' lang='lat' dir='ltr'><strong>ac</strong></span> <span class='ocrx_word' id='word_1_113' title='bbox 949 2114 1040 2171; x_wconf 87' lang='lat' dir='ltr'><strong>vera</strong></span> <span class='ocrx_word' id='word_1_114' title='bbox 1052 2089 1245 2201; x_wconf 85' lang='lat' dir='ltr'><strong>solidaque</strong></span> 
     </span>
     <span class='ocr_line' id='line_1_19' title="bbox 233 2199 1247 2301; baseline 0.001 -15"><span class='ocrx_word' id='word_1_115' title='bbox 233 2206 450 2286; x_wconf 85' lang='lat' dir='ltr'><strong>eruditione</strong></span> <span class='ocrx_word' id='word_1_116' title='bbox 471 2201 597 2285; x_wconf 73' lang='lat' dir='ltr'><strong>atium</strong></span> <span class='ocrx_word' id='word_1_117' title='bbox 617 2199 766 2301; x_wconf 83' lang='lat' dir='ltr'><strong>suisset,</strong></span> <span class='ocrx_word' id='word_1_118' title='bbox 785 2201 862 2284; x_wconf 71' lang='lat' dir='ltr'><strong>‚nist</strong></span> <span class='ocrx_word' id='word_1_119' title='bbox 892 2203 1031 2284; x_wconf 83' lang='lat' dir='ltr'><strong>horum</strong></span> <span class='ocrx_word' id='word_1_120' title='bbox 1050 2200 1247 2286; x_wconf 78' lang='lat' dir='ltr'><strong>conatibus</strong></span> 
     </span>
     <span class='ocr_line' id='line_1_20' title="bbox 233 2310 1247 2422; baseline -0.001 -25"><span class='ocrx_word' id='word_1_121' title='bbox 233 2311 516 2397; x_wconf 78' lang='lat' dir='ltr'><strong>intercessissent</strong></span> <span class='ocrx_word' id='word_1_122' title='bbox 544 2315 654 2422; x_wconf 87' lang='lat' dir='ltr'><strong>pauci</strong></span> <span class='ocrx_word' id='word_1_123' title='bbox 678 2310 926 2420; x_wconf 81' lang='lat' dir='ltr'><strong>generosioris</strong></span> <span class='ocrx_word' id='word_1_124' title='bbox 947 2311 1153 2398; x_wconf 83' lang='lat' dir='ltr'><strong>indolis&amp;</strong></span> <span class='ocrx_word' id='word_1_125' title='bbox 1171 2338 1247 2396; x_wconf 88' lang='lat' dir='ltr'><strong>rno-</strong></span> 
     </span>
     <span class='ocr_line' id='line_1_21' title="bbox 234 2421 1247 2534; baseline -0.002 -26"><span class='ocrx_word' id='word_1_126' title='bbox 234 2426 433 2508; x_wconf 81' lang='lat' dir='ltr'><strong>detatioris</strong></span> <span class='ocrx_word' id='word_1_127' title='bbox 468 2425 628 2534; x_wconf 80' lang='lat' dir='ltr'><strong>ingenii,</strong></span> <span class='ocrx_word' id='word_1_128' title='bbox 673 2421 813 2533; x_wconf 89' lang='lat' dir='ltr'><strong>quibus</strong></span> <span class='ocrx_word' id='word_1_129' title='bbox 844 2421 1132 2533; x_wconf 84' lang='lat' dir='ltr'><strong>superciliosum</strong></span> <span class='ocrx_word' id='word_1_130' title='bbox 1165 2429 1247 2522; x_wconf 75' lang='lat' dir='ltr'><strong>hor,</strong></span> 
     </span>
     <span class='ocr_line' id='line_1_22' title="bbox 233 2533 1247 2646; baseline 0.003 -28"><span class='ocrx_word' id='word_1_131' title='bbox 233 2539 469 2630; x_wconf 81' lang='lat' dir='ltr'><strong>fanaticum,</strong></span> <span class='ocrx_word' id='word_1_132' title='bbox 515 2537 766 2646; x_wconf 87' lang='lat' dir='ltr'><strong>tetricumque</strong></span> <span class='ocrx_word' id='word_1_133' title='bbox 806 2533 1012 2617; x_wconf 87' lang='lat' dir='ltr'><strong>hominurn</strong></span> <span class='ocrx_word' id='word_1_134' title='bbox 1062 2563 1158 2620; x_wconf 88' lang='lat' dir='ltr'><strong>enus</strong></span> <span class='ocrx_word' id='word_1_135' title='bbox 1175 2563 1247 2620; x_wconf 79' lang='lat' dir='ltr'><strong>nta-</strong></span> 
     </span>
     <span class='ocr_line' id='line_1_23' title="bbox 234 2644 1246 2756; baseline -0.006 -22"><span class='ocrx_word' id='word_1_136' title='bbox 234 2651 338 2734; x_wconf 80' lang='lat' dir='ltr'><strong>xime</strong></span> <span class='ocrx_word' id='word_1_137' title='bbox 367 2644 625 2756; x_wconf 84' lang='lat' dir='ltr'><strong>displicebat,</strong></span> <span class='ocrx_word' id='word_1_138' title='bbox 657 2650 699 2729; x_wconf 88' lang='lat'>&amp;</span> <span class='ocrx_word' id='word_1_139' title='bbox 722 2672 886 2756; x_wconf 86' lang='lat' dir='ltr'><strong>quorum</strong></span> <span class='ocrx_word' id='word_1_140' title='bbox 920 2647 1006 2754; x_wconf 92' lang='lat' dir='ltr'><strong>poti</strong></span> <span class='ocrx_word' id='word_1_141' title='bbox 1052 2672 1160 2730; x_wconf 89' lang='lat' dir='ltr'><strong>murn</strong></span> <span class='ocrx_word' id='word_1_142' title='bbox 1194 2649 1246 2729; x_wconf 89' lang='lat' dir='ltr'><strong>in·</strong></span> 
     </span>
     <span class='ocr_line' id='line_1_24' title="bbox 236 2755 1248 2865; baseline -0.001 -24"><span class='ocrx_word' id='word_1_143' title='bbox 236 2781 387 2854; x_wconf 84' lang='lat' dir='ltr'><strong>teterat,</strong></span> <span class='ocrx_word' id='word_1_144' title='bbox 420 2782 502 2839; x_wconf 88' lang='lat' dir='ltr'><strong>tunt</strong></span> <span class='ocrx_word' id='word_1_145' title='bbox 530 2780 571 2839; x_wconf 92' lang='lat' dir='ltr'><strong>ut</strong></span> <span class='ocrx_word' id='word_1_146' title='bbox 597 2756 775 2865; x_wconf 72' lang='lat' dir='ltr'><strong>JuveneS,</strong></span> <span class='ocrx_word' id='word_1_147' title='bbox 809 2760 965 2841; x_wconf 88' lang='lat' dir='ltr'><strong>illorum</strong></span> <span class='ocrx_word' id='word_1_148' title='bbox 985 2755 1076 2862; x_wconf 80' lang='lat' dir='ltr'><strong>fidei</strong></span> <span class='ocrx_word' id='word_1_149' title='bbox 1097 2755 1248 2844; x_wconf 88' lang='lat' dir='ltr'><strong>&amp;disci-</strong></span> 
     </span>
     <span class='ocr_line' id='line_1_25' title="bbox 236 2867 1245 2986; baseline 0 -33"><span class='ocrx_word' id='word_1_150' title='bbox 236 2875 352 2980; x_wconf 80' lang='lat' dir='ltr'><strong>plinae</strong></span> <span class='ocrx_word' id='word_1_151' title='bbox 381 2867 577 2965; x_wconf 86' lang='lat' dir='ltr'><strong>commisii,</strong></span> <span class='ocrx_word' id='word_1_152' title='bbox 618 2867 670 2951; x_wconf 83' lang='lat' dir='ltr'><strong>ab</strong></span> <span class='ocrx_word' id='word_1_153' title='bbox 688 2871 797 2951; x_wconf 90' lang='lat' dir='ltr'><strong>ornni</strong></span> <span class='ocrx_word' id='word_1_154' title='bbox 823 2871 1064 2980; x_wconf 88' lang='lat' dir='ltr'><strong>impurorum</strong></span> <span class='ocrx_word' id='word_1_155' title='bbox 1093 2871 1245 2986; x_wconf 80' lang='lat' dir='ltr'><strong>dogrua·</strong></span> 
     </span>
     <span class='ocr_line' id='line_1_26' title="bbox 238 2974 1244 3089; baseline 0.002 -27"><span class='ocrx_word' id='word_1_156' title='bbox 238 3006 318 3067; x_wconf 87' lang='lat' dir='ltr'><strong>tutu</strong></span> <span class='ocrx_word' id='word_1_157' title='bbox 339 2981 427 3064; x_wconf 87' lang='lat' dir='ltr'><strong>labe</strong></span> <span class='ocrx_word' id='word_1_158' title='bbox 453 2980 594 3069; x_wconf 79' lang='lat' dir='ltr'><strong>intarli,</strong></span> <span class='ocrx_word' id='word_1_159' title='bbox 621 2977 671 3062; x_wconf 82' lang='lat' dir='ltr'><strong>ad</strong></span> <span class='ocrx_word' id='word_1_160' title='bbox 696 2979 942 3064; x_wconf 86' lang='lat' dir='ltr'><strong>sobrietatem</strong></span> <span class='ocrx_word' id='word_1_161' title='bbox 958 2974 1149 3089; x_wconf 84' lang='lat' dir='ltr'><strong>saperent,</strong></span> <span class='ocrx_word' id='word_1_162' title='bbox 1171 3005 1244 3064; x_wconf 87' lang='lat' dir='ltr'><strong>tum</strong></span> 
     </span>
     <span class='ocr_line' id='line_1_27' title="bbox 237 3090 1248 3202; baseline 0.002 -28"><span class='ocrx_word' id='word_1_163' title='bbox 237 3116 279 3175; x_wconf 91' lang='lat' dir='ltr'><strong>ut</strong></span> <span class='ocrx_word' id='word_1_164' title='bbox 297 3095 424 3198; x_wconf 59' lang='lat' dir='ltr'><strong>rejecta</strong></span> <span class='ocrx_word' id='word_1_165' title='bbox 440 3094 542 3175; x_wconf 74' lang='lat' dir='ltr'><strong>novi</strong></span> <span class='ocrx_word' id='word_1_166' title='bbox 553 3090 621 3172; x_wconf 72' lang='lat' dir='ltr'><strong>istu</strong></span> <span class='ocrx_word' id='word_1_167' title='bbox 639 3091 952 3202; x_wconf 75' lang='lat' dir='ltr'><strong>fraudulentique</strong></span> <span class='ocrx_word' id='word_1_168' title='bbox 963 3095 1177 3202; x_wconf 81' lang='lat' dir='ltr'><strong>juventutis</strong></span> <span class='ocrx_word' id='word_1_169' title='bbox 1186 3090 1248 3176; x_wconf 90' lang='lat' dir='ltr'><strong>do-</strong></span> 
     </span>
     <span class='ocr_line' id='line_1_28' title="bbox 237 3202 1247 3316; baseline 0.004 -32"><span class='ocrx_word' id='word_1_170' title='bbox 237 3205 364 3288; x_wconf 82' lang='lat' dir='ltr'><strong>cendae</strong></span> <span class='ocrx_word' id='word_1_171' title='bbox 392 3205 565 3305; x_wconf 88' lang='lat' dir='ltr'><strong>ratione,</strong></span> <span class='ocrx_word' id='word_1_172' title='bbox 594 3202 812 3314; x_wconf 74' lang='lat' dir='ltr'><strong>exquisitam</strong></span> <span class='ocrx_word' id='word_1_173' title='bbox 839 3229 965 3287; x_wconf 89' lang='lat' dir='ltr'><strong>rerunt</strong></span> <span class='ocrx_word' id='word_1_174' title='bbox 990 3207 1247 3316; x_wconf 79' lang='lat' dir='ltr'><strong>oogniriouetu</strong></span> 
     </span>
     <span class='ocr_line' id='line_1_29' title="bbox 237 3315 1248 3428; baseline 0.001 -30"><span class='ocrx_word' id='word_1_175' title='bbox 237 3315 279 3398; x_wconf 92' lang='lat' dir='ltr'><strong>in</strong></span> <span class='ocrx_word' id='word_1_176' title='bbox 313 3319 420 3398; x_wconf 87' lang='lat' dir='ltr'><strong>omni</strong></span> <span class='ocrx_word' id='word_1_177' title='bbox 449 3315 691 3398; x_wconf 81' lang='lat' dir='ltr'><strong>scientiarum</strong></span> <span class='ocrx_word' id='word_1_178' title='bbox 715 3342 852 3425; x_wconf 82' lang='lat' dir='ltr'><strong>genere</strong></span> <span class='ocrx_word' id='word_1_179' title='bbox 875 3315 1100 3428; x_wconf 83' lang='lat' dir='ltr'><strong>acquirendi</strong></span> <span class='ocrx_word' id='word_1_180' title='bbox 1119 3315 1248 3402; x_wconf 85' lang='lat' dir='ltr'><strong>deiide·</strong></span> 
     </span>
     <span class='ocr_line' id='line_1_30' title="bbox 237 3424 1246 3540; baseline 0 -30"><span class='ocrx_word' id='word_1_181' title='bbox 237 3431 298 3510; x_wconf 91' lang='lat' dir='ltr'><strong>tio</strong></span> <span class='ocrx_word' id='word_1_182' title='bbox 332 3431 371 3509; x_wconf 74' lang='grc' dir='ltr'><strong>δε</strong></span> <span class='ocrx_word' id='word_1_183' title='bbox 400 3427 526 3510; x_wconf 89' lang='lat' dir='ltr'><strong>studio</strong></span> <span class='ocrx_word' id='word_1_184' title='bbox 545 3424 659 3534; x_wconf 89' lang='lat' dir='ltr'><strong>usque</strong></span> <span class='ocrx_word' id='word_1_185' title='bbox 675 3449 901 3511; x_wconf 85' lang='lat' dir='ltr'><strong>tenerentur.</strong></span> <span class='ocrx_word' id='word_1_186' title='bbox 963 3432 1044 3512; x_wconf 86' lang='lat' dir='ltr'><strong>Hac</strong></span> <span class='ocrx_word' id='word_1_187' title='bbox 1068 3454 1121 3512; x_wconf 86' lang='lat' dir='ltr'><strong>ex</strong></span> <span class='ocrx_word' id='word_1_188' title='bbox 1139 3449 1246 3540; x_wconf 86' lang='lat' dir='ltr'><strong>patre,</strong></span> 
     </span>
     <span class='ocr_line' id='line_1_31' title="bbox 239 3537 1245 3650; baseline 0.002 -28"><span class='ocrx_word' id='word_1_189' title='bbox 239 3540 337 3623; x_wconf 78' lang='lat' dir='ltr'><strong>iuret</strong></span> <span class='ocrx_word' id='word_1_190' title='bbox 353 3560 505 3621; x_wconf 83' lang='lat' dir='ltr'><strong>caeteros</strong></span> <span class='ocrx_word' id='word_1_191' title='bbox 537 3542 676 3648; x_wconf 84' lang='lat' dir='ltr'><strong>paritet</strong></span> <span class='ocrx_word' id='word_1_192' title='bbox 701 3540 841 3639; x_wconf 70' lang='lat' dir='ltr'><strong>feliceS,</strong></span> <span class='ocrx_word' id='word_1_193' title='bbox 873 3537 1024 3622; x_wconf 88' lang='lat' dir='ltr'><strong>felicem</strong></span> <span class='ocrx_word' id='word_1_194' title='bbox 1040 3537 1245 3650; x_wconf 78' lang='lat' dir='ltr'><strong>praedicabo</strong></span> 
     </span>
     <span class='ocr_line' id='line_1_32' title="bbox 238 3651 1241 3764; baseline 0.002 -31"><span class='ocrx_word' id='word_1_195' title='bbox 238 3653 471 3733; x_wconf 74' lang='lat' dir='ltr'><strong>Bernatdunt</strong></span> <span class='ocrx_word' id='word_1_196' title='bbox 496 3651 678 3750; x_wconf 82' lang='lat' dir='ltr'><strong>nolltunt,</strong></span> <span class='ocrx_word' id='word_1_197' title='bbox 709 3655 775 3761; x_wconf 91' lang='lat' dir='ltr'><strong>qui</strong></span> <span class='ocrx_word' id='word_1_198' title='bbox 794 3653 972 3754; x_wconf 78' lang='lat' dir='ltr'><strong>Tutorem,</strong></span> <span class='ocrx_word' id='word_1_199' title='bbox 1000 3655 1059 3734; x_wconf 89' lang='lat' dir='ltr'><strong>uti</strong></span> <span class='ocrx_word' id='word_1_200' title='bbox 1089 3656 1241 3764; x_wconf 79' lang='lat' dir='ltr'><strong>appelit·</strong></span> 
     </span>
     <span class='ocr_line' id='line_1_33' title="bbox 241 3759 1245 3862; baseline -0.001 -18"><span class='ocrx_word' id='word_1_201' title='bbox 241 3789 290 3844; x_wconf 84' lang='lat' dir='ltr'><strong>nu</strong></span> <span class='ocrx_word' id='word_1_202' title='bbox 307 3787 336 3858; x_wconf 91' lang='lat' dir='ltr'><strong>s,</strong></span> <span class='ocrx_word' id='word_1_203' title='bbox 363 3767 490 3844; x_wconf 71' lang='lat' dir='ltr'><strong>virum</strong></span> <span class='ocrx_word' id='word_1_204' title='bbox 505 3761 662 3844; x_wconf 74' lang='lat' dir='ltr'><strong>dolium</strong></span> <span class='ocrx_word' id='word_1_205' title='bbox 679 3767 719 3846; x_wconf 80' lang='lat'><strong>8&lt;</strong></span> <span class='ocrx_word' id='word_1_206' title='bbox 740 3759 872 3846; x_wconf 86' lang='lat' dir='ltr'><strong>sobriae</strong></span> <span class='ocrx_word' id='word_1_207' title='bbox 886 3763 1038 3862; x_wconf 84' lang='lat' dir='ltr'><strong>mentis,</strong></span> <span class='ocrx_word' id='word_1_208' title='bbox 1058 3763 1245 3848; x_wconf 83' lang='lat' dir='ltr'><strong>Thornatu</strong></span> 
     </span>
     <span class='ocr_line' id='line_1_34' title="bbox 241 3875 1248 4072; baseline 0 -115"><span class='ocrx_word' id='word_1_209' title='bbox 241 3881 433 3976; x_wconf 67' lang='lat' dir='ltr'><strong>iurarunt,</strong></span> <span class='ocrx_word' id='word_1_210' title='bbox 458 3879 534 3984; x_wconf 75' lang='lat' dir='ltr'><strong>juni</strong></span> <span class='ocrx_word' id='word_1_211' title='bbox 554 3903 574 3957; x_wconf 87' lang='lat' dir='ltr'><strong>a</strong></span> <span class='ocrx_word' id='word_1_212' title='bbox 594 3876 721 3965; x_wconf 79' lang='lat' dir='ltr'><strong>multis</strong></span> <span class='ocrx_word' id='word_1_213' title='bbox 738 3875 851 3960; x_wconf 86' lang='lat' dir='ltr'><strong>annis</strong></span> <span class='ocrx_word' id='word_1_214' title='bbox 869 3880 902 3959; x_wconf 85' lang='lat' dir='ltr'><strong>S.</strong></span> <span class='ocrx_word' id='word_1_215' title='bbox 918 3875 1163 4072; x_wconf 48' lang='lat' dir='ltr'><strong>Theologffi</strong></span> <span class='ocrx_word' id='word_1_216' title='bbox 1168 3878 1248 3960; x_wconf 81' lang='lat' dir='ltr'><strong>Pro</strong></span> 
     </span>
     <span class='ocr_line' id='line_1_35' title="bbox 1067 3989 1244 4077; baseline 0.034 -6"><span class='ocrx_word' id='word_1_217' title='bbox 1067 3989 1107 4072; x_wconf 82' lang='lat' dir='ltr'><strong>fe</strong></span> <span class='ocrx_word' id='word_1_218' title='bbox 1165 4011 1244 4077; x_wconf 76' lang='lat' dir='ltr'><strong>ren,</strong></span> 
     </span>
    </p>
   </div>
   <div class='ocr_carea' id='block_1_5' title="bbox 0 0 1347 4448">
    <p class='ocr_par' dir='ltr' id='par_1_6' title="bbox 0 0 1347 4448">
     <span class='ocr_line' id='line_1_36' title="bbox 0 0 1347 4448; baseline 0 0"><span class='ocrx_word' id='word_1_219' title='bbox 0 0 1347 4448; x_wconf 95' lang='lat' dir='ltr'><strong> </strong></span> 
     </span>
    </p>
   </div>
  </div>
 </body>
</html>
