2576 4464
180 210 400 311 uulso„
449 211 628 286 LIBER
661 203 833 288 ullus.
949 239 1020 309 399

36 333 132 400 distes.
176 333 244 395 Oto
264 349 296 394 te
317 333 369 412 per
393 331 557 416 amicitiant
579 329 716 406 nostram,
735 333 860 414 perhanc
873 350 1014 416 tempora,

36 412 256 490 percommunia
310 411 421 472 ricula:
448 429 534 470 move
545 410 645 471 saxum
659 409 762 484 isthuc,
777 412 805 474 δι
819 413 1011 491 promove&

35 510 173 568 pennove,
191 510 229 550 ne
242 493 272 544 Si
280 488 346 566 ypln'
359 489 447 549 simus
463 489 493 547 in
505 487 583 548 hisee
596 490 777 565 quotidianis
790 491 916 552 consiliis
928 495 1012 552 auxi·

36 569 153 629 diorum:
183 567 242 628 stne
256 565 365 644 quibus
381 566 469 646 periit
481 569 730 641 Gallim-Augila,
758 573 913 629 Germania.
947 587 1009 630 non

4 719 5 724 γ
32 645 122 716 sentit,
146 645 200 724 qui
224 641 303 704 istud
325 663 388 704 non
408 642 492 724 sapie.
531 643 634 704 Homo
659 663 746 722 aquo
762 644 854 706 iilhuc
867 649 1008 722 mittitur,

4 749 6 768 ·
33 726 118 800 optati
129 743 190 784 uon
201 719 287 802 possit
300 721 417 794 melior,
438 739 533 796 neque
546 722 639 798 magis
654 720 787 783 idoneus.
826 725 938 786 Gratias
952 745 1008 802 ago

34 801 193 875 Utealeor'r,
211 801 266 876 qui
281 799 463 860 occasionem
475 797 604 859 dederit:
630 816 719 876 quam
734 800 838 871 vellem
851 801 1008 863 hottmteu

33 897 97 940 cum
110 876 161 940 effe
177 923 185 950 ‚
201 879 251 938 vel
265 877 304 938 ob
318 876 390 936 hane
403 875 493 936 solam
506 873 637 938 caussam.
676 876 800 952 Legatos
812 875 919 940 vestros
932 900 1008 940 non-

34 955 101 1016 dum
114 955 257 1017 cumaeni:
281 952 356 1026 heri,
376 953 540 1014 invitarunt
554 951 589 1013 ad
603 954 767 1032 prandium.
786 954 835 1015 sed
848 958 932 1035 plane
945 953 1007 1018 non

35 1033 151 1106 vacalut,
169 1033 344 1094 conveniam
358 1028 453 1094 hodie.
482 1027 580 1108 scripsi
593 1029 653 1092 hec
667 1032 848 1105 benennam,
866 1033 935 1094 hora
949 1051 1008 1094 ter.

38 1111 86 1171 eia.
115 1110 198 1172 Tales
209 1110 293 1170 enim
306 1108 446 1169 habemus
459 1109 587 1170 nuncios
598 1108 635 1168 de
650 1111 736 1170 rebus
750 1115 865 1182 Gallicis,
892 1128 927 1170 ut
941 1113 1007 1188 qui.

38 1187 121 1250 estete
133 1208 190 1261 me,
201 1188 230 1248 δι
245 1185 383 1248 somnum
397 1205 498 1262 capere
512 1189 634 1246 omnino
647 1208 708 1246 non
721 1188 820 1247 sinant.
853 1187 1007 1266 Speramus

39 1265 107 1340 falsa,
122 1283 245 1326 autnon
259 1261 481 1338 elleejusmodi,
494 1283 559 1342 quae
573 1266 746 1324 nuntiantur
758 1264 794 1324 de
804 1261 955 1340 Ritumagq
969 1266 1006 1328 de

44 1347 152 1420 Deraffiq
172 1343 201 1404 dt
217 1339 253 1404 de
266 1339 379 1412 vestris,
397 1358 484 1416 atque
509 1345 595 1402 etiam
610 1339 646 1400 de
660 1345 809 1401 Aridelum.
831 1341 930 1402 savera
942 1344 1006 1419 lint,

42 1419 234 1482 elaborandum
247 1417 297 1493 est,
316 1436 352 1480 ut
361 1419 451 1480 malos
463 1437 586 1480 eventus
598 1419 683 1480 bonis
701 1419 1008 1483 rationibustesatcia·

4 1545 6 1574 ἶ
40 1517 105 1570 mus,
132 1501 208 1559 intet
221 1517 293 1575 quas
305 1498 385 1558 nulla
398 1497 590 1568 commodior,
620 1495 848 1574 quamistaquae
861 1498 1008 1560 nobiadi·

42 1577 139 1638 vinitu't
149 1575 241 1636 oblata
253 1572 303 1636 cst.
326 1573 428 1650 Vigila
438 1573 544 1652 queso,
559 1575 681 1653 &priua
691 1596 751 1634 non
765 1576 904 1653 quiescas,
918 1595 1007 1653 quana
1022 1635 1025 1646 2

43 1652 346 1730 eopetueniamua,ubi
359 1652 626 1729 conquiescendum
636 1651 684 1712 est.
705 1652 813 1714 Adeste
823 1653 1007 1715 consiliovos

4 1783 6 1810 ξ
42 1731 128 1788 Albani
140 1747 253 1810 patres:
284 1729 372 1790 video
385 1734 463 1790 enim
476 1750 537 1790 non
556 1750 646 1790 unam
666 1735 779 1788 AEnaam
807 1750 1006 1808 nequeunam

43 1823 141 1880 mrem,
157 1806 206 1868 sed
218 1808 330 1868 multos
342 1809 478 1868 mortales
492 1800 643 1887 profugos,
662 1806 715 1870 nist
728 1778 818 1869 velita
831 1811 901 1866 Alba
914 1827 1005 1869 attam

4 1901 7 1976 i
41 1883 111 1944 illan
130 1881 327 2023 temqestatem
352 1883 486 1962 depellat.
526 1885 600 1944 Vale
612 1883 655 1944 mi
669 1882 805 1961 Aschame.
843 1884 1006 1962 &auriferas

5 1981 6 1984 ’
41 1961 111 2023 llll.
121 1982 182 2024 men
193 1983 218 2025 ts
232 1963 389 2020 Novembris
400 1966 491 2026 Anno
504 1961 594 2024 Dom.
616 1967 700 2038 1563.

4 2157 10 2200 l

225 2311 228 2318 ‹
308 2266 542 2340 ut1su.
593 2265 708 2340 xvtt.

4 2435 6 2478 ι
42 2403 229 2486 ortano
264 2411 1003 2496 v1a0,u0n1u1Quuuocnssino

101 2549 326 2654 Roouuo
349 2553 599 2651 Asculno
619 2549 794 2646 Autco
817 2543 922 2641 Suo

4 2709 6 2714 ’
77 2729 433 2810 utcunuu
480 2713 967 2803 Toxtuusat’o.

4 2785 9 2986 d
117 2909 221 2972 Raturn
241 2908 298 2969 tibi
318 2905 373 2968 effe
387 2904 515 2967 studium
538 2924 646 2976 meum,
666 2909 762 2978 Rogare
774 2899 909 2976 Asclamc,
931 2919 997 2978 erga

134 3006 175 3062 te,
192 3003 367 3064 gentemque
389 3002 479 3054 tuam,
498 2982 689 3043 &literarum
713 2979 863 3054 studiosos,
883 2979 999 3040 nonsu-

43 3058 93 3122 lum
113 3085 144 3136 ex
165 3063 260 3127 literis
273 3066 333 3124 tuis
354 3061 388 3122 ad
408 3067 533 3127 loannem
555 3065 712 3128 sturmium,
736 3064 912 3133 Martiumque
924 3056 998 3116 datis
1102 3065 1103 3068 ’

44 3136 165 3215 intellexi,
185 3161 287 3202 verum
301 3139 434 3200 etiamen
448 3157 569 3198 munere
583 3135 657 3198 mihi
670 3157 684 3195 a
695 3155 724 3195 te
745 3133 838 3194 misso·
848 3132 998 3196 clarissimo

46 3217 161 3294 respexi.
199 3221 269 3295 Qua
284 3237 319 3278 ex
334 3237 364 3278 re
376 3237 435 3277 non
459 3215 640 3293 voluptatem
663 3212 752 3274 modo
769 3213 912 3287 summam
934 3233 999 3288 per-

47 3295 107 3370 cepi,
126 3295 171 3357 sed
194 3297 326 3358 animum
351 3299 438 3354 etiam
461 3291 576 3370 sumpsi,
598 3292 745 3351 adterere
767 3309 885 3368 quoque
899 3291 997 3366 publi-

48 3371 127 3445 canda,
156 3393 218 3452 qun
240 3371 368 3453 promisi.
406 3367 524 3430 Tribuo
549 3369 631 3428 enim
652 3370 766 3450 judicio
791 3385 844 3428 tuo
868 3385 995 3439 tantum,

4 3435 6 3520 d
49 3459 165 3519 quantum
183 3453 211 3512 ei
235 3449 425 3512 tribuendum
447 3446 497 3517 est,
521 3448 572 3524 qui
589 3447 619 3505 in
633 3448 808 3522 linguatum,
828 3449 995 3523 artiumque

4 3587 6 3592 ,
53 3527 198 3608 optimarum
208 3530 388 3606 cognitione,
401 3529 431 3586 in
440 3523 625 3603 philosophie
639 3525 799 3604 preceptis,
811 3526 840 3584 in
851 3523 993 3585 sicrarum

55 3596 170 3666 literatum
184 3607 337 3687 mysteriis,
355 3625 415 3664 non
427 3621 485 3664 tam
499 3602 648 3672 discendo,
673 3621 760 3678 quam
770 3604 858 3662 etiam
871 3601 994 3680 agendo,

4 3693 6 3708 '
56 3681 252 3761 lterrendoque,
272 3704 373 3761 magna
388 3701 457 3744 cuin
469 3680 553 3818 lange
566 3679 607 3741 est
620 3681 755 3743 versatus.
794 3683 901 3757 Neque
914 3677 993 3736 enirn

4 3821 5 3830 q
83 3811 85 3822 .
551 3779 563 3821 s
928 3774 994 3811 etue

4 4167 8 4280 l
