2604 4462
211 277 528 388 Eursrooss‘a
565 283 858 380 Suuuer'm.
976 313 1033 402 73

37 421 182 551 ἀπ’
212 453 491 544 Commodum
518 475 595 540 tuae
618 456 722 540 mihi
745 449 1041 550 reddebamur,

7 581 8 666 ἶ
39 624 166 715 quum
185 597 229 679 in
249 597 431 714 cymbam
448 591 681 683 descendere
703 589 884 680 deberem
903 645 917 688 ‚
951 579 1042 707 ¹pri·

39 739 108 824 die
126 729 337 820 Pasthatis.
407 728 452 811 N
453 759 500 829 ec
516 728 618 814 mihi
636 730 800 816 vacabat
829 753 913 816 tum
931 761 1042 817 com·

7 873 190 990 {pellae
219 867 364 957 Claud.
396 865 625 962 Maenium,
659 867 710 950 de
744 865 823 952 hoc
846 871 1041 982 negotio,
1079 901 1085 918 ·

7 993 8 998 Ν
42 1013 109 1097 cui
125 1035 177 1092 ue
195 1007 271 1120 ipfi
291 1003 455 1121 quidem
475 1056 488 1098 ‚
522 1007 630 1089 utin
667 1003 949 1090 nundinalibus
973 1035 1042 1090 oc-

47 1135 325 1258 cupationibus
340 1127 465 1232 soleti
501 1161 662 1250 vacaret,
675 1171 739 1226 me
762 1141 905 1228 audire.
986 1149 1042 1227 A·

50 1287 151 1373 bitus
179 1310 278 1368 vero
321 1279 422 1366 inihi
457 1271 766 1398 praecipitairdus
795 1302 924 1373 erat,
971 1281 1044 1367 mli

51 1421 205 1510 mallem
219 1448 306 1504 non
319 1441 407 1504 tuto
418 1421 485 1502 ire.
553 1418 706 1503 Nescio
721 1421 830 1503 enim
848 1447 936 1529 quae
953 1418 1043 1502 lites

51 1580 192 1645 exortae
219 1557 323 1642 inter
349 1557 558 1641 Comitem
587 1557 762 1641 nostrum
784 1522 1045 1650 Hanovffltm

52 1705 90 1781 δι
103 1693 332 1781 λΕΙεξῒοὲειῂ
370 1693 692 1806 Moguntinum‚
737 1696 808 1804 qui
843 1693 1045 1804 publicam

53 1831 221 1928 nostram
247 1827 496 1924 onerariam,
542 1860 630 1942 quae
659 1830 842 1943 quotidie
860 1831 966 1916 ultro
988 1832 1044 1914 ci-

55 1993 193 2080 troque
209 1955 428 2059 commeat,
464 1969 621 2080 concidi
640 1980 680 2053 &
691 1968 865 2082 diffipari
881 1970 1045 2062 curavita

55 2107 153 2192 'adeo
172 2125 219 2193 'ut
236 2108 313 2220 ipst
329 2108 394 2192 hic
421 2108 502 2193 vim
522 2155 534 2197 2
570 2110 673 2193 male
692 2107 876 2191 clausa&
895 2108 1047 2190 munita

57 2245 180 2330 adhuc
197 2274 306 2330 nova
332 2248 460 2338 urbe,
507 2245 692 2331 hostilem
714 2271 959 2336 vereremur,
1005 2251 1047 2326 &

58 2411 124 2495 per
140 2383 390 2468 bebdomada
411 2411 530 2467 unam
549 2383 761 2470 alteramve
781 2410 921 2494 parum
938 2409 1047 2466 com·
1141 2457 1145 2470 ,
1281 2457 1283 2464 1

7 2567 8 2570 κ
59 2521 187 2606 mercii
205 2499 309 2604 iriter
327 2521 505 2614 nostros,
542 2529 584 2605 bt
602 2517 968 2610 Francofurtenses,
1000 2547 1047 2629 wu,
1115 2529 1117 2534 ’

12 2663 16 2672 “
61 2657 97 2740 bi
114 2659 297 2742 Marnius
313 2659 596 2774 Typographii
617 2657 735 2766 hujus
751 2657 960 2745 dominus,
993 2656 1050 2738 ei·

62 2792 95 2877 se
119 2797 308 2910 potuerit.
386 2797 479 2880 Misr
495 2794 656 2882 tandem
678 2796 753 2908 ipsr
774 2818 882 2886 tuas,
926 2795 1050 2902 'utque

65 2933 280 3019 rescriberet
296 2932 347 3017 de
364 2934 486 3022 animi
504 2933 760 3018 suitententia
778 2931 928 3046 rogavi.
965 2931 1056 3014 Res·
1174 2927 1178 2933 ’

66 3067 241 3181 sponsum
259 3071 366 3166 tuli,
410 3070 450 3154 s'e
483 3071 585 3155 velle
608 3067 722 3184 'opus
742 3069 870 3182 ipsum
897 3064 1053 3159 videre,
1195 3179 1198 3182 Ι

7 3317 9 3348 ι
64 3229 179 3319 utque
202 3207 426 3294 absolvatur
449 3216 490 3291 &
508 3209 626 3320 plene
654 3206 889 3292 adornatum
909 3202 959 3287 ad
980 3231 1056 3287 nos

7 3353 9 3390 ³
59 3345 101 3428 in
128 3345 319 3433 nundinis
346 3346 532 3430 mittatur.
603 3347 766 3431 Damno
794 3344 903 3428 enim
929 3342 968 3425 se
986 3341 1056 3426 suo

7 3533 9 3582 ;
58 3485 247 3577 edodtum
261 3482 422 3598 sapius,
452 3513 504 3568 ne
516 3484 686 3596 amplius
703 3482 979 3568 conditionem
996 3507 1057 3563 ac·
1079 3503 1086 3518 ·

7 3663 9 3668 ’
59 3623 195 3756 pipin,
219 3623 294 3708 nisr
312 3649 434 3737 opere
457 3645 548 3710 toto
579 3621 773 3708 absoluto.
841 3620 897 3703 Et
920 3617 974 3702 src-
990 3616 1058 3699 est.

139 3799 142 3802 ·
494 3825 498 3834 .
576 3759 679 3865 E5
1017 3753 1062 3839 Si
