2646 4448
236 171 299 270 26
336 169 400 266 D.
425 165 902 268 EBERNARDI
943 169 1142 273 VITA.

232 331 404 432 maritus,
444 337 496 414 D.
523 331 721 433 Wallisruq
757 359 936 446 maguum
960 335 1168 419 Academia
1184 339 1235 419 lu·

231 471 333 544 men,
370 443 598 537 Archimedis
614 443 820 554 ts'yraecufhni
850 445 1073 548 Arenarim,
1107 445 1156 534 ῥ’
1183 447 1238 530 di·

233 557 439 669 mensionem
452 557 576 637 circuli
592 593 607 662 3
634 587 712 642 cum
729 555 872 640 Etrurii
882 559 1091 668 Ascalonita
1106 565 1146 640 in
1158 558 1238 640 hanc

232 672 534 765 commentatione,
563 668 664 748 novi
688 665 859 752 versione
884 671 1014 752 Latini
1044 671 1176 753 additi
1200 679 1236 754 dt

231 777 488 862 eruditissimis
507 779 639 861 notis:
676 778 718 860 in
748 777 897 894 quibus,
925 803 1031 864 textu
1057 780 1110 863 ab
1139 785 1232 863 innu

232 892 358 987 meris,
378 889 514 1000 quibus
528 891 669 999 priores
681 887 869 974 scatebant
878 891 1083 992 editiones,
1108 895 1237 974 mendis

233 1025 412 1195 purgem,
441 998 688 1111 numerisque,
715 1026 810 1112 quus
832 1001 934 1085 soeda
950 1005 991 1086 dt
1011 1004 1167 1087 indoda
1182 1005 1235 1086 Li·

266 1114 451 1195 rariorum
470 1138 602 1195 manus
615 1109 913 1212 commiscuerat,
940 1139 989 1195 ex
1004 1118 1109 1196 novi
1124 1118 1241 1197 calculi

234 1222 484 1306 subductione
510 1223 710 1322 restitutis,
736 1223 883 1324 coeleste
908 1223 1014 1308 suurn
1036 1229 1238 1340 ingenium

235 1332 295 1416 isli
316 1334 570 1419 Archimedeo
592 1331 755 1418 omnini)
771 1361 838 1444 par
853 1341 893 1420 δι
908 1339 1123 1448 geminum,
1148 1342 1241 1448 plau·

234 1447 350 1529 dente
365 1444 544 1529 universo
555 1446 933 1546 eruditorumchoro,
960 1447 1234 1532 demonstravit

234 1557 306 1639 Sed
325 1584 439 1670 quam
456 1559 553 1639 irriti
566 1558 708 1666 optimi
724 1559 767 1639 hi
782 1579 942 1642 conatus
964 1561 1181 1656 ceciderint,
1204 1561 1236 1642 iu

235 1670 460 1754 Praesatione
485 1670 595 1776 hujus
622 1669 866 1777 pulcherrimi
896 1669 1015 1753 libelli
1049 1675 1103 1755 D.
1124 1673 1237 1764 sellus,

238 1784 362 1864 celato
388 1783 477 1862 licet
505 1779 675 1874 nomine,
702 1780 868 1864 modeste
891 1782 1045 1891 quidem
1077 1782 1189 1892 (quid
1206 1783 1235 1860 ui

237 1911 364 1974 autem
383 1892 481 1974 milri
502 1889 850 2000 indignabundo&
868 1895 1032 2001 gementi
1052 1893 1187 1975 addere
1200 1893 1233 1972 li·

237 2007 351 2195 ceatst?
393 2029 479 2084 cum
508 2027 650 2112 magno
683 2003 806 2111 gentis
833 2003 964 2086 nostrae
993 2003 1236 2115 opprobrio)

271 2141 316 2196 ue
349 2139 390 2196 us
409 2115 469 2199 esl.

242 2139 412 2307 unno
438 2229 492 2306 Μ.
506 2226 591 2305 DC.
603 2229 720 2307 LXX.
735 2229 799 2305 Vl.
834 2252 857 2305 a
888 2221 1116 2307 sereniffimo
1138 2229 1238 2334 Rege,

238 2337 384 2418 Carolo
412 2341 456 2418 ll.
484 2356 709 2443 procurante
735 2336 883 2416 Comite
911 2338 1180 2446 Arlingtoniae,
1209 2339 1242 2416 iu

239 2449 407 2531 Galliam
431 2443 555 2528 missus
584 2446 647 2540 est,
687 2465 728 2525 ut
748 2442 1005 2528 illustrissimos
1027 2445 1241 2529 Adolescen-

240 2561 352 2658 tulos,
381 2562 524 2640 Ducem
535 2557 1243 2652 Grastonae&DucemNorthumbriae,

269 2695 334 2754 uos
354 2666 508 2752 Ducissa
527 2667 780 2751 Clevelandiae
793 2669 846 2748 illi
861 2671 1017 2777 peperit,
1046 2689 1145 2751 tune
1162 2671 1244 2751 Pari·

238 2695 299 2863 iis
317 2780 420 2890 apud
445 2786 609 2862 Matrem
629 2776 734 2860 suam
758 2778 949 2886 degentes,
981 2781 1102 2862 literis
1123 2780 1243 2863 Latinis

239 2891 418 2989 erudiret,
445 2894 672 2998 illorumque
686 2909 828 2970 mentes
845 2890 1074 3000 disciplinis,
1103 2916 1243 3000 quaruru

239 3003 308 3085 ista
334 3022 420 3086 aetas
444 3030 566 3110 capax
597 3001 660 3099 est,
686 2998 882 3083 imbueret.
937 3005 1084 3085 Munus
1110 3003 1244 3085 sanein

240 3113 278 3197 se
296 3112 634 3223 perhonorificum,
666 3116 706 3193 8<
721 3115 854 3220 amplae
873 3110 1089 3220 dignitatiS,
1105 3122 1245 3220 &mag-

240 3223 588 3331 uiaestimaudum3
626 3221 688 3305 sed
708 3227 757 3304 D.
789 3225 987 3322 Bernard0,
1024 3252 1111 3309 non
1137 3229 1147 3306 i
1177 3222 1244 3316 stus,

241 3334 304 3418 sed
322 3337 486 3419 aliorum
516 3337 634 3446 culpi,
668 3333 775 3446 plane
793 3339 951 3418 amrium
975 3338 1016 3416 8(
1043 3255 1242 3444 inauipica·

241 3467 335 3530 tum.
394 3448 458 3528 llle
479 3451 581 3528 enim
602 3447 660 3527 vir
684 3447 785 3526 mitis
812 3448 970 3555 ingenii,
1007 3448 1048 3526 ἃ
1080 3469 1237 3529 vererun-

241 3560 313 3642 diae
332 3556 428 3640 berre
456 3578 618 3656 morata,
649 3554 790 3664 absque
809 3577 932 3639 tamen
960 3560 1071 3639 omni
1093 3551 1234 3641 afferma

241 3694 390 3751 morum
426 3669 646 3768 severitate,
685 3669 825 3750 nedum
860 3670 1084 3780 protervit,
1132 3661 1236 3775 utpote

242 3779 420 3863 omnibus
439 3781 560 3863 facilis
586 3784 625 3861 dt
651 3775 847 3888 benignus,
885 3783 925 3862 iu
951 3777 1098 3862 umbris
1119 3779 1238 3862 scholt-

242 3917 327 3978 tum
344 3891 554 3995 educatus,
582 3888 794 4005 artibusque
812 3892 945 3978 aulicis
970 3895 1010 3979 dt
1036 3886 1241 3979 adulatoriis

1094 4001 1239 4094 omniuo
