2612 4450
320 99 863 212 EPltTOLAE.
1047 125 1110 228 62

80 299 250 390 quorum
265 273 356 360 libri
371 275 460 360 sunt
475 273 714 360 corrlnlendi.
757 271 879 382 Quod
890 281 1116 395 catalogum

81 393 225 475 attinet
251 388 504 500 captiuorum
528 386 730 488 librorum,
745 396 750 405 '
763 392 929 475 memini
935 419 998 475 me
1018 400 1116 484 olim

81 503 299 613 generalem
313 500 370 582 illi
390 495 545 601 dedisse,
572 519 655 584 tum
675 515 871 613 quotquot
886 527 956 618 per
973 510 1116 594 Orien·

81 634 165 696 tern
181 609 395 733 conquisivi
413 615 514 696 MSS.
535 637 701 721 qttorutn
722 615 883 698 nomina
911 619 954 699 lu
972 628 1117 737 magno

83 726 159 808 illo
182 727 283 809 Mus.
316 724 512 835 catalogo
538 712 640 833 (sub
658 725 766 835 prelo
780 721 1024 839 desudante)
1052 760 1117 818 ex·

85 833 246 922 hibebit
269 837 489 920 Bernardus'
510 837 645 921 rosta.
702 836 768 919 Sin
785 855 916 922 autern
936 843 1118 952 credere'sg

89 949 359 1060 particularem
390 949 646 1057 Coptlcorum
675 948 845 1034 indicent
872 953 1013 1035 Amico
1030 972 1108 1040 tuo

88 1061 158 1172 qui
176 1063 346 1174 ungam
371 1060 482 1146 inan
518 1057 620 1143 sorra
650 1062 786 1162 carta,
830 1060 1005 1174 prasenti
1030 1027 1116 1155 usas

86 1176 186 1274 fore,
213 1171 386 1256 conabor
418 1193 658 1288 quantocyus
684 1173 883 1282 aliqualem
915 1173 1116 1283 conficere,

84 1283 237 1396 tibique
275 1305 422 1368 nrorern
449 1309 590 1394 gerere.
619 1287 634 1300 ”
647 1284 757 1382 Vale,
772 1293 779 1304 '
793 1289 867 1370 Vir
891 1285 1115 1392 doffiffirnea

85 1399 235 1508 diuque
249 1397 343 1478 vive
356 1395 551 1485 literarum
574 1401 616 1480 8<
634 1380 836 1508 religionis
857 1405 1116 1512 inagnumon'

87 1522 325 1594 namenttun.
1106 1515 1112 1528 '

187 2727 298 2814 *uno
312 2749 372 2811 me
390 2724 569 2813 libentius
587 2731 813 2811 succurreret
836 2757 909 2839 pro
929 2730 1118 2844 Republi

117 2923 121 2928 .
194 2837 197 2848 ’
224 2869 268 2924 ca
301 2840 470 2925 literaria
495 2838 788 2938 laborantibus,
829 2844 855 2923 fi
878 2845 1000 2926 modo
1021 2846 1120 2928 vires

92 2951 338 3062 suppeterent
358 2955 493 3037 animo
506 2979 624 3062 pares.
663 2958 749 3034 Hoc
766 2952 891 3062 ipsunt
913 2981 1024 3062 opus,
1043 2959 1119 3040 hoc

91 3063 264 3163 officium
290 3091 419 3149 rneunr
447 3089 537 3178 erga
565 3062 827 3148 amicissimum
849 3065 1120 3151 doslissrmunr-

91 3202 168 3288 que
187 3173 246 3260 ὓς
264 3171 433 3289 Pie'qneq
461 3183 536 3260 hoc
557 3175 832 3286 postulationes
863 3199 936 3260 tuae
964 3177 1120 3262 suadent

89 3288 303 3400 jubentque
322 3287 536 3399 t'iteoque
565 3287 717 3371 erudito
746 3289 804 3369 illi
830 3291 929 3393 vim,
961 3293 1121 3402 AEgypti

89 3401 264 3484 chanan
288 3403 616 3511 Geographicam‚
647 3401 704 3482 uti
734 3403 803 3500 ait,
830 3405 1121 3503 concinnaturo,

86 3514 210 3598 fausta
228 3516 557 3622 omniaapprecor
575 3537 790 3620 voveoque.
845 3517 929 3596 Nec
946 3510 1015 3593 nisr
1028 3534 1120 3596 vota

86 3625 301 3734 supersunt.
336 3625 453 3708 Curta
475 3628 580 3706 eninr
598 3623 650 3705 est
669 3649 753 3705 inea
777 3624 957 3731 supellex,
997 3626 1120 3708 cruda

88 3738 389 3837 observationeS,
418 3741 457 3818 &
475 3762 540 3842 per
559 3735 749 3818 transtrum
763 3735 916 3820 habita.
935 3739 1071 3846 Neque
1086 3765 1122 3818 e-

86 3854 171 3936 nim
183 3852 249 3933 diu
263 3852 302 3932 iu
314 3853 375 3932 illn
388 3853 542 3960 regione
555 3845 791 3960 agebant‚sed
801 3876 868 3959 per
884 3852 1030 3957 aliquot
1042 3846 1120 3958 sep-

955 3985 1120 4044 umanas
