2654 4466
301 195 604 351 naaoenat
628 231 878 336 asculan
909 227 1072 332 aarsrj
1098 253 1229 342 snat.
1326 292 1327 297 κ

300 373 359 434 otii
382 371 466 446 nolli,
484 367 616 452 optimos
656 372 768 450 uosque
790 369 899 432 Graee
917 375 1024 450 lingue
1037 369 1202 450 scriptores,
1219 389 1277 432 nos
1326 394 1327 405 2

302 450 381 510 inter
393 449 576 526 nostjunslis
589 389 692 512 studiis
710 447 903 513 conferemus.
943 451 1020 510 Utor
1031 448 1162 510 Domino
1174 469 1207 509 ea
1220 447 1276 508 hu-

304 528 443 587 manitate
456 527 484 586 &
498 526 676 599 liberalitate,
701 545 789 602 quam
802 543 836 587 tu
848 523 924 587 mihi
938 527 1011 605 saepe
1022 525 1178 606 predicare
1190 526 1275 587 soles.

304 603 437 664 nondum
446 606 515 683 egui
528 623 559 664 re
573 605 678 679 aliqua,
688 605 762 682 quin
776 604 873 666 multo
885 604 967 684 plior
981 604 1010 666 δι
1022 603 1188 695 tapeditior
1199 605 1275 663 ratio

304 682 398 742 tuerit
408 679 489 744 illius
500 685 531 740 in
541 679 637 741 dando
646 680 859 752 benivolentie,
867 700 954 759 quam
965 679 1216 760 meamrogando
1225 699 1275 739 ve-

290 757 463 818 'recundito
502 759 539 820 Et
551 777 716 836 quanquam
729 755 785 820 boc
797 757 871 819 facit
883 759 1005 834 judicio,
1017 757 1130 836 sponte,
1143 758 1172 818 δε
1185 758 1276 836 genio

304 835 378 896 suo:
397 852 565 896 commovet
585 852 682 902 tamen
695 837 824 898 multum
847 836 876 896 δι
899 853 947 897 rua
970 835 1188 898 commendatio
1207 835 1275 894 mei.

306 911 400 988 Quod
423 915 516 992 igitur
537 930 588 974 tua
610 911 702 982 caussa
719 910 889 986 factumest,
909 914 1055 991 intelligat
1067 911 1164 991 quaeso
1177 912 1275 990 aliqua

306 989 516 1066 fignificatione
533 993 691 1066 memorie,
710 990 741 1050 id
760 991 813 1052 tibi
835 1007 952 1069 quoque
964 1007 1079 1072 gratum
1092 986 1157 1052 elle.
1197 989 1276 1052 Com

306 1067 455 1129 Dominus
480 1089 563 1128 meus
587 1067 683 1130 videat
706 1089 754 1128 me
779 1067 964 1130 vehementer
987 1067 1120 1132 delesbri
1144 1065 1275 1128 secundo

307 1143 392 1205 versu
404 1145 524 1218 secundi
535 1147 631 1225 operis
642 1151 753 1218 Homeri,
772 1145 858 1206 facile
869 1146 1033 1224 pollicetur,
1045 1165 1094 1206 me
1105 1165 1166 1206 non
1178 1143 1275 1204 solum

307 1224 419 1280 ltaliam
431 1222 588 1296 aditurum,
606 1223 655 1284 sed
666 1243 713 1284 eas
722 1223 809 1284 etiam
820 1226 964 1302 regiones,
974 1239 1044 1299 quas
1053 1221 1175 1283 videndi
1186 1223 1275 1286 illum

307 1297 440 1360 ardorem
452 1317 486 1361 tu
500 1300 560 1379 ipse
572 1299 646 1360 mihi
659 1299 826 1372 incendisti,
846 1301 1059 1378 cumEutrrpen,
1069 1301 1099 1360 aa
1111 1300 1274 1376 Polymnlm

307 1375 580 1449 Herodotienarrasti
600 1394 634 1437 ut
646 1380 671 1438 is
684 1379 767 1440 nullo
779 1395 875 1458 neque
895 1378 1010 1451 laboris,
1028 1397 1123 1456 neque
1149 1376 1276 1455 periculi

307 1469 389 1514 metu
402 1453 542 1532 restingui
553 1451 643 1533 pollit.
663 1455 711 1516 Aa
724 1473 893 1536 promptum
907 1453 1038 1516 studium
1047 1455 1078 1518 δι
1090 1454 1275 1517 voluntatem

307 1530 407 1592 adfero
431 1552 546 1610 corpus,
563 1551 625 1592 non
647 1531 679 1590 id
702 1529 853 1592 robustum
866 1531 996 1608 quidem,
1015 1532 1063 1592 sed
1084 1532 1202 1605 laboris,
1222 1533 1276 1591 sri-

305 1610 398 1746 foris,
417 1610 520 1668 caloris
539 1607 604 1669 satis
624 1609 745 1684 patiens,
764 1613 898 1687 quemvis
918 1627 1022 1701 potum
1041 1611 1070 1670 δι
1087 1609 1189 1674 eibum
1203 1629 1276 1671 cum

320 1687 398 1746 alute
408 1687 495 1746 etiam
505 1685 610 1746 ferens.
624 1686 653 1745 Si
663 1685 697 1746 ad
708 1685 757 1747 has
768 1704 1012 1766 opportunitates,
1020 1696 1076 1764 ope
1087 1684 1190 1759 tua,ad
1204 1705 1276 1765 opes

308 1765 418 1840 aliquas
440 1762 642 1841 comparandas
665 1764 745 1824 abuti
765 1781 897 1843 potuero,
915 1764 1044 1824 studium
1058 1763 1148 1840 hujus
1159 1765 1275 1826 itineris

306 1855 342 1900 tu
365 1839 426 1919 ipse
447 1843 572 1918 aliquem
595 1843 764 1918 perciperes.
797 1863 863 1902 nam
886 1857 989 1920 preter
1008 1841 1183 1920 diligentem
1222 1839 1276 1902 ris·

306 1929 411 1978 corum
437 1936 698 1979 monumentorum
724 1920 977 1997 conquisitionem,
1005 1917 1147 1980 adferrem
1165 1939 1187 1977 a
1231 1931 1274 1992 te,

307 2011 388 2062 certo
413 1995 533 2072 quidem
557 2015 624 2056 meo
648 1995 796 2070 sermone,
825 1996 992 2075 presentem
1016 1995 1275 2074 consuetudinum,

307 2091 403 2132 mores
425 2073 452 2132 δι
476 2073 582 2134 faeiem
604 2094 706 2134 eorum
728 2078 872 2147 locorum,
891 2093 1016 2154 quorum
1035 2072 1275 2135 admirationem

306 2149 421 2228 semper·
435 2150 585 2212 tenebaris.
622 2151 658 2210 ln
668 2153 769 2218 Antlr'a
791 2153 889 2211 favent
901 2152 973 2213 mihi
987 2151 1111 2212 Nobiles
1124 2153 1224 2224 multi,
1246 2151 1276 2212 ἃ

289 2225 382 2302 ,nosti
399 2227 476 2288 illud
489 2228 585 2305 Hefiadi
597 2222 630 2286 tie
641 2222 740 2302 sparsis
752 2230 859 2303 σμικςᾷ,
877 2229 934 2290 dte.
964 2229 1035 2289 Non
1047 2247 1178 2290 annuum
1190 2229 1277 2308 quie-

305 2323 402 2380 quam,
421 2303 470 2365 sed
492 2306 660 2384 praesentem
685 2309 870 2386 pecuniolam
894 2307 928 2368 ad
947 2304 1003 2366 hoe
1021 2308 1077 2367 iter
1098 2305 1199 2388 posco.
1241 2307 1277 2362 ll-

305 2383 448 2458 lustriffima
458 2389 569 2440 Domina
583 2405 640 2440 mea
658 2406 718 2444 non
730 2383 843 2453 dubito,
867 2386 997 2445 multum
1010 2384 1121 2447 tribuet
1140 2383 1277 2461 huicpe-

304 2459 407 2519 titioni
423 2480 503 2520 mee.
529 2461 672 2522 'Domina
693 2458 866 2537 Suffalcr‘enfis,
897 2461 953 2522 hoe
969 2463 1102 2540 proximo
1125 2459 1275 2540 superiori

306 2555 392 2608 anno,
403 2540 517 2618 prolixe
530 2538 558 2599 aa
570 2541 648 2618 large
656 2537 731 2599 mihi
745 2540 873 2612 pollicita
887 2539 936 2612 est,
947 2559 1015 2602 eum
1028 2541 1142 2616 aliquot
1159 2535 1277 2600 menses

306 2613 469 2676 Dominum
480 2618 601 2674 carolum
612 2617 723 2676 Graecis
734 2617 827 2676 literis
836 2613 955 2688 institui,
965 2619 993 2678 δι
1006 2616 1040 2676 ad
1051 2615 1203 2694 pulchram
1215 2623 1280 2686 tata-¹

305 2710 381 2754 num
401 2693 540 2754 fonnavi:
563 2695 626 2770 ejus
644 2693 859 2765 liberalitatem,
881 2693 914 2752 ad
928 2693 984 2755 hoc
996 2711 1125 2772 tempus,
1145 2694 1175 2755 ἃ
1195 2691 1278 2755 hunt

305 2768 392 2828 usum
415 2771 565 2832 reservavi.
604 2767 778 2831 Clan'llimus
799 2771 886 2830 etiam
906 2771 976 2832 Dux
990 2769 1170 2846 Suffilciensss,
1204 2789 1279 2833 eum

305 2845 379 2906 milti
394 2847 482 2916 favet,
503 2849 531 2908 δι
550 2847 720 2926 elegantiam
742 2845 894 2921 scribendi,
913 2867 969 2926 qua
981 2851 1031 2909 ille
1043 2843 1165 2928 praestat,
1199 2849 1280 2912 mibi

304 2939 425 2998 quoque
437 2923 532 2998 debet,
550 2924 622 2985 lianc
663 2922 867 2985 ostulationem
887 2946 980 2986 meam
999 2925 1073 3004 apud
1087 2941 1214 2986 matrem
1229 2925 1280 2986 ad·

305 2999 425 3073 juvabit.
463 3002 585 3078 Largior
596 2945 671 3062 mliii
692 3003 819 3062 multum
833 3002 869 3062 de
883 3003 1176 3082 utroqutMarchione.
1220 3003 1279 3064 Sed

303 3092 417 3136 taceant
437 3097 547 3156 petates
571 3081 672 3151 literae,
692 3079 796 3155 quibus
810 3080 906 3158 pudor
929 3080 1101 3159 jampridem
1124 3080 1281 3144 silentium

303 3154 453 3224 iniecisset.
484 3155 534 3216 nist
549 3155 634 3214 eundi
650 3155 791 3234 cupiditas
804 3155 990 3217 erubescendi
1003 3155 1228 3232 verecundiam,
1249 3161 1281 3220 dt

302 3230 673 3292 illiademiiriabsterfillet.
713 3233 767 3292 Sed
783 3234 859 3312 spem
872 3235 953 3307 milti,
983 3234 1079 3296 &tua
1100 3234 1225 3310 antiqua
1247 3240 1280 3312 itt

303 3327 350 3366 me
364 3310 571 3382 benivolentia,
600 3311 627 3371 ἃ
643 3331 705 3370 mea
719 3313 833 3389 petendi
848 3333 908 3372 non
924 3309 1071 3374 inhonesta
1084 3313 1160 3371 ratio
1171 3329 1278 3388 auget.

301 3383 450 3444 l‘rolixiot
462 3387 523 3444 sum
538 3405 622 3462 quam
641 3390 669 3446 in
684 3391 831 3464 principio
845 3386 993 3449 constitui.
1033 3387 1063 3448 si
1081 3387 1155 3449 scite
1169 3389 1282 3465 possam

301 3478 330 3520 te
355 3461 401 3520 lias
424 3466 517 3522 literas
540 3485 595 3522 ama
620 3487 688 3524 cum
710 3465 884 3527 confeffione
898 3467 1108 3544 Mngdclnrgenfi
1124 3465 1280 3541 recepisse,

300 3542 427 3617 paratius
452 3541 478 3598 aa
503 3541 565 3599 aliis
589 3561 706 3618 quoque
730 3543 911 3620 temporibus
924 3543 956 3603 ad
971 3562 1000 3604 re
1012 3539 1142 3603 scribam.
1184 3543 1279 3620 Vale,

298 3615 473 3678 omatiffimt
488 3621 539 3691 vir,
561 3619 659 3700 derne,
680 3638 712 3681 ut
725 3619 806 3694 facia,
826 3641 894 3691 ama,
936 3624 1027 3684 Anno
1042 3620 1166 3682 Domini
1185 3639 1277 3695 ¹550·

297 3697 453 3756 Navali-ris
476 3716 486 3754 1
495 3717 519 3756 ι.

1104 3775 1160 3838 ΕΡ
1174 3773 1220 3839 IS
1233 3775 1277 3842 T.
