2604 4462
237 301 322 386 '68
417 287 1091 381 iuncturumvnntonunr

260 455 445 575 quotidie
463 454 645 570 publica,
683 454 803 568 altera
823 455 1010 567 privata,
1050 481 1160 568 quam
1173 459 1230 544 inn⁴

260 595 396 713 pendo
416 575 600 678 Palutino
625 591 803 704 Principi
829 594 1070 706 Bipontino.
1136 597 1225 681 Dein·

261 735 313 820 de
340 732 436 817 duae
463 725 581 816 ho'ras
606 729 649 814 in
680 727 789 815 diem
806 730 978 816 ¹confert
997 761 1094 818 cura
1110 733 1224 818 Biblio

170 921 177 938 ·
261 873 410 964 thecae,
456 868 628 980 reliquas
647 886 789 952 omncs
818 869 1013 979 impendo
1050 870 1223 982 scriptioni

260 1009 524 1106 Litterarum,
559 1026 628 1090 aut
655 1004 870 1115 colloquiis
901 1005 1230 1120 supervenientium

260 1148 477 1233 amicorum
498 1206 507 1224 .
552 1127 655 1228 adeo
673 1165 719 1228 ut
742 1143 866 1228 multa
887 1165 977 1231 mea
996 1193 1009 1238 ‚
1048 1174 1133 1286 duc
1148 1142 1231 1230 adse

259 1311 405 1376 ceram,
426 1311 513 1368 non
532 1260 657 1366 modo
677 1305 872 1389 nequeam
890 1279 1115 1376 absolvere,
1145 1301 1179 1368 nt
1193 1299 1231 1366 ne

259 1405 422 1533 quidem
440 1401 664 1505 describere.
736 1415 800 1499 De
826 1414 962 1503 Modii
991 1423 1131 1515 notis,
1169 1416 1230 1502 vel·

259 1559 340 1643 lem
356 1581 400 1642 ut
415 1557 548 1642 velles.
586 1551 663 1639 Sed
684 1552 840 1640 exstant
860 1577 1014 1640 tantum
1036 1559 1080 1644 in
1104 1555 1229 1642 libraria

258 1693 488 1804 Principis,
534 1713 714 1804 putarem
744 1692 924 1780 Colonisn
951 1697 1038 1806 peti
1066 1691 1225 1807 posseub'

258 1832 376 1918 e'ditae
415 1827 584 1912 fuerunt.
655 1829 900 1914 Billerbekio
937 1833 1045 1916 msto
1082 1828 1226 1915 assiduis

258 1995 335 2055 nnec
352 1971 567 2084 quicquam
584 1965 778 2078 proficio,
814 1995 893 2077 prae
909 1965 947 2048 se
964 1969 1060 2054 tulit
1069 1957 1135 2051 sub
1152 1947 1226 2048 nust-

258 2106 373 2189 dinas
398 2130 538 2189 vernas
563 2101 685 2187 finem
719 2103 994 2214 impositurum
1017 2105 1225 2219 Vegetio&

258 2241 487 2326 Frontino:
531 2240 596 2326 sed
615 2268 689 2324 nec
705 2241 807 2336 dum,
823 2242 887 2325 sua
907 2240 1081 2327 deduxit
1098 2239 1143 2324 ad
1166 2235 1224 2324 exi-

258 2400 376 2464 tum:
423 2380 480 2463 ita
504 2371 690 2463 homines
717 2381 759 2463 hi
783 2403 924 2462 omnes
955 2380 1060 2466 nihil
1087 2377 1225 2462 volunt>

258 2545 379 2630 quam
415 2516 526 2626 quod
558 2517 605 2600 snt
646 2515 701 2599 de
728 2543 832 2627 pane
861 2515 1062 2604 lucrando.
1137 2509 1225 2626 Agni-

258 2654 483 2739 mensorum
512 2653 640 2737 codex
665 2653 799 2735 noster
819 2651 920 2735 nihil
941 2656 1095 2751 habet,
1133 2670 1224 2764 qunut

258 2789 370 2901 quod
404 2815 485 2899 Jam
527 2790 649 2874 exstat
695 2793 737 2873 in
788 2789 905 2873 editis
960 2817 1101 2902 praeter
1151 2809 1223 2899 pau·

258 2929 377 3018 cula,
430 2954 520 3036 quae
577 2926 727 3009 dudum
771 2931 1081 3015 communicavit
1134 2921 1223 3008 Nan·

258 3064 316 3146 sno
336 3063 531 3147 Freherus
549 3064 681 3148 noster
689 3115 701 3154 ‚
738 3083 860 3172 tuque
877 3062 957 3170 jum
982 3069 1100 3152 habes
1114 3065 1156 3148 ab
1170 3056 1222 3137 he
1246 3101 1250 3110 ·

237 3198 417 3286 'redibus
439 3201 576 3310 ipsius:
619 3199 995 3286 ·Palthenianorum
1015 3189 1218 3319 negtigenti·

258 3337 320 3420 am
336 3334 447 3442 juxta
467 3355 594 3422 tecum
625 3338 804 3420 detestor.
875 3338 954 3422 Sed
971 3344 1067 3450 quid
1084 3323 1218 3426 faciam?

258 3502 343 3558 non
362 3471 463 3555 fuiF
465 3474 681 3560 rancofurti
699 3497 789 3558 toto
798 3471 875 3557 isto
889 3506 1006 3560 anno.
1043 3489 1083 3562 δε
1095 3467 1216 3586 Episto·

164 3699 166 3702 ,
256 3613 315 3698 lns
334 3639 440 3698 meas
455 3616 512 3702 ita
530 3615 741 3726 spernunt,
770 3637 884 3698 utne
906 3617 1066 3702 verbum
1088 3604 1213 3729 quidem

1174 3751 1218 3822 'rb
