2612 4450
210 139 276 250 28
346 121 1091 235 Dnnv-NJJNGTONI

663 460 769 543 XIX.

215 819 220 826 ι
361 679 414 773 Ρ.
441 669 620 812 Modesto
645 677 851 807 Capucino
878 675 1065 810 Koseltae.

278 953 570 1067 Uotiescunque
583 946 845 1062 dignissimum
862 948 1068 1036 Consulem
1084 959 1136 1038 D.
1145 957 1215 1061 ltp

235 1159 242 1173 ,
307 1068 422 1169 nand,
449 1069 490 1148 in
510 1069 736 1150 memoriam
753 1089 909 1164 revoco,
938 1087 1086 1148 revoco
1096 1085 1217 1150 autem

200 1207 317 1292 quam
341 1174 549 1288 saepiffimt,
578 1175 659 1287 ipse
681 1177 797 1258 etiam
821 1177 988 1262 occurris
1007 1179 1139 1264 multis
1155 1205 1218 1262 uo

199 1289 368 1376 minibus
408 1292 645 1401 plurimique
686 1287 852 1372 amicitis
886 1287 1083 1374 oolendus.
1140 1295 1218 1374 Hoc

198 1405 305 1486 enirn
324 1405 384 1486 vel
407 1405 606 1486 excellenti
624 1421 695 1484 tuae
706 1400 833 1484 indoli
851 1399 1027 1501 debetur,
1054 1403 1120 1486 vel
1139 1399 1219 1486 solia

197 1513 255 1598 do
266 1515 429 1626 judicio,
455 1515 562 1626 quod
578 1515 820 1625 peregrinum
834 1513 1036 1596 bominem
1052 1515 1095 1596 δι
1114 1515 1219 1624 plani

198 1629 398 1724 erraticum
420 1653 502 1709 oon
530 1626 653 1713 solum
691 1627 731 1710 in
760 1621 986 1735 hospitium,
1023 1622 1218 1712 sedetiam

200 1735 322 1824 smum
354 1761 465 1822 tuum
493 1739 687 1848 exceperis
713 1775 729 1844 3
765 1737 871 1848 quod
905 1733 1004 1820 cibis
1027 1740 1218 1848 quantivis

198 1843 336 1962 pretii,
377 1848 570 1963 magisque
588 1846 758 1960 pretiofis
778 1847 1029 1948 sermonibus,
1056 1875 1147 1934 eum
1169 1878 1218 1935 re
1285 1901 1286 1960 t

198 1964 443 2051 focillaveris.
507 1961 603 2048 Tibi
628 1963 755 2047 refero
788 1981 1000 2071 acceptum,
1073 1963 1155 2047 uod
1181 1967 1218 2048 io
1285 1965 1286 1968 ‘

199 2076 320 2160 domo
351 2076 539 2160 servitutis
566 2071 661 2158 liber
689 2075 927 2172 incedebam,
959 2103 1013 2185 qu
1096 2078 1141 2160 in
1159 2079 1217 2158 ὣ

199 2189 348 2297 gyptiis
386 2187 550 2272 tenebris
579 2190 646 2272 lux
674 2187 773 2270 mibi
790 2184 1015 2286 oriebatur,
1044 2187 1155 2298 quod
1176 2189 1214 2272 iu

199 2299 405 2382 universali
432 2303 503 2382 illo
524 2300 689 2400 diluvio,
728 2302 840 2409 quale
859 2299 1023 2410 populos
1044 2295 1215 2383 barbarie

199 2413 353 2522 penitus
379 2407 523 2510 obruit,
552 2412 654 2523 aeque
680 2438 726 2493 ac
758 2413 871 2496 Nilus
899 2431 1016 2496 terras
1053 2411 1214 2496 inunda-

197 2525 307 2607 tione
338 2548 534 2634 aquarum,
571 2525 730 2606 incastus
755 2528 795 2607 8(
815 2521 910 2604 ficco
939 2521 1034 2633 pede
1059 2525 1212 2633 praeteri·
1284 2553 1285 2582 ³

200 2631 299 2718 bam.
355 2639 521 2747 Ideoque
549 2635 660 2718 detur
681 2637 781 2718 mihi
806 2635 902 2716 illud
922 2634 1136 2718 confitendi
1156 2662 1211 2718 ve

198 2747 280 2845 nia,
320 2748 382 2830 cui
405 2775 521 2831 omne
539 2765 699 2857 tempus,
736 2749 864 2830 omnis
890 2750 1012 2848 locus,
1049 2775 1134 2831 non
1157 2751 1210 2829 in-

197 2859 366 2972 congrue
384 2858 551 2944 inservit.
581 2865 627 2942 Et
646 2862 759 2943 liceat
774 2861 840 2942 hic
858 2859 953 2942 illud
967 2884 1097 2970 agere,
1110 2857 1207 2965 (curu

199 2974 361 3052 nimium
401 2999 482 3053 non
516 2968 691 3083 pollim)
729 2972 834 3082 quod
863 2971 955 3061 alias
981 2971 1115 3083 saepius
1142 2972 1200 3084 egi

198 3087 292 3165 Non
322 3107 460 3189 queror
488 3086 759 3194 negligentiam
784 3106 913 3183 tuam,
947 3087 1011 3174 uel
1031 3083 1202 3193 reciproci

196 3192 349 3275 affectus
380 3192 579 3298 refanum,
607 3199 695 3278 licet
717 3197 838 3278 nullas
854 3194 1050 3308 bucusque
1067 3219 1202 3308 accept·

197 3307 270 3387 rim
288 3308 430 3387 literas.
486 3309 573 3390 Scio
598 3313 701 3391 enim
728 3310 1062 3418 opportunitatem
1088 3307 1204 3420 magis,
1264 3337 1268 3348 ·

196 3445 312 3528 quam
331 3419 501 3500 animum
535 3418 723 3502 scribendi
752 3415 883 3502 deesse.
937 3423 975 3503 Si
1004 3441 1129 3503 autem
1148 3421 1203 3500 ila

198 3532 392 3630 acciderit,
420 3526 541 3639 poll'cs
563 3535 622 3614 vel
643 3560 711 3640 per
724 3533 927 3642 Tripolim,
948 3537 1132 3644 Cyprum,
1146 3549 1204 3615 aut

194 3643 477 3724 Scanderonam
497 3642 803 3726 defideratiffimae
820 3663 892 3726 tuae
904 3644 1203 3729 valetudinisno·

196 3755 344 3852 titiam,
373 3782 417 3836 ac
439 3751 591 3865 insuper
604 3759 793 3840 Mumiam
810 3759 930 3856 illam,
957 3785 1073 3870 quam
1091 3755 1202 3947 surpu-

1165 3888 1200 3947 us
