2654 4466
280 239 354 298 202
375 213 585 293 ROGER'I
606 207 859 292 Ascuam
889 205 1052 288 uersu
1076 211 1204 288 FAM.

279 333 453 416 insperatam
472 333 612 410 injuriare
631 332 748 394 faceret¹
787 329 844 393 Sed
857 329 1106 412 quemadmodum
1118 351 1175 394 nee
1187 349 1259 394 rum

282 415 415 495 quidem,
433 413 495 474 illie
512 411 613 472 verbio
634 409 708 472 eristi
728 411 832 485 allatis,
848 413 942 472 ulium
953 409 1043 472 sidem
1054 411 1195 485 adiumi:
1214 409 1259 472 sic
1316 411 1318 484 ἓ

283 507 492 562 nunetentum
503 487 580 554 mihi
592 489 701 569 largior
711 485 749 549 de
759 505 813 549 rue
829 487 983 568 prudentia
1003 489 1033 552 δε
1052 489 1201 566 equitate,
1218 505 1261 552 ut

284 591 354 643 eum
364 568 453 636 cause
465 587 547 630 mete,
556 565 688 644 jadicem
698 567 852 658 'onumen
870 567 1010 657 recusem?
1027 583 1058 630 te
1074 583 1174 658 tamen
1187 583 1259 630 ante

285 663 587 800 wisse·
597 643 736 813 timii}
753 643 1261 814 onustissimum

285 803 421 869 sustineo.
461 802 519 864 Res
530 803 648 876 longior
661 799 711 874 est,
728 818 815 878 quam
834 817 869 861 ut
880 803 1030 864 literarum
1042 798 1188 862 brevitate
1199 815 1263 861 tet·

286 881 394 946 mireari
468 897 509 942 tta
528 880 735 959 opportunius,
747 879 767 939 sr
780 877 871 940 modo
882 879 940 940 tibi
951 875 993 952 est
1005 879 1113 951 otium,
1126 881 1156 941 δι
1169 878 1263 952 sivit,

288 979 387 1022 eoram
411 977 530 1019 ermone
548 977 610 1020 rem
627 957 685 1021 tibi
694 976 731 1018 ex
753 954 857 1018 licabo.
896 957 1004 1020 Precor
1016 955 1126 1029 Deum,
1144 973 1181 1017 ut
1193 975 1263 1041 per-

274 1043 276 1048 '
287 1055 384 1120 petuo
396 1037 453 1099 tibi
466 1037 535 1109 illae,
555 1034 584 1096 8<
597 1035 718 1096 virtutis
772 1033 898 1095 fortunae
910 1031 1079 1096 accesiiones
1090 1032 1171 1107 fiant,
1192 1053 1263 1111 quae

290 1133 349 1177 ωε
371 1115 400 1176 di
423 1115 517 1188 nitati,
537 1113 570 1182 de
588 1113 770 1193 Reiputtiee
790 1111 994 1191 exptdationi,
1015 1113 1046 1176 ec
1063 1113 1136 1174 meis
1149 1113 1266 1192 optatis

291 1135 488 1274 responsent.
509 1191 533 1254 E
548 1189 681 1272 Collegio
695 1188 768 1252 Divi
781 1196 900 1256 Jtanm's.
917 1186 991 1279 ,ΧΨ
1002 1190 1071 1249 Febr.
1089 1208 1121 1262 ις
1127 1208 1172 1264 ςο.

597 1377 797 1452 EPIST.
836 1377 946 1456 XLV.

523 1515 875 1584 ORNATISSIMO
906 1517 1029 1582 VIRO

294 1757 334 1776 ,Ι
386 1627 775 1768 Η,Ῑουυυυ
810 1629 1086 1728 Cuneo.

296 1803 501 2048 QfiAM
525 1809 693 1888 quotidiana
715 1811 895 1888 cogitatione
917 1815 1153 1891 magnitudinem
1174 1813 1273 1879 eme·

439 1893 553 1952 ciorum
579 1907 700 1950 tuorum
713 1889 898 1970 compledior,
916 1909 976 1950 non
989 1893 1083 1954 literis
1095 1891 1272 1956 ostenderet

297 1969 348 2034 sed
415 1969 507 2031 inioni
527 1985 586 2028 tuae
609 1964 907 2048 relinquerepossum,
927 1969 1099 2032 ornatissime
1112 1972 1167 2031 vir.
1197 1971 1275 2036 seri·

297 2049 428 2113 bendum
450 2063 548 2107 tamen
572 2043 646 2106 mihi
669 2044 725 2106 hoc
747 2061 879 2122 tempore
895 2044 931 2106 ad
943 2064 973 2106 te
985 2045 1040 2110 esse
1051 2049 1203 2130 putabam.
1224 2049 1276 2111 uei

299 2129 369 2206 quia
389 2141 475 2186 vetus
494 2119 591 2184 noster
609 2123 787 2194 communis,
807 2123 835 2184 δι
858 2123 1029 2186 certisfimus
1050 2128 1163 2187 amicus
1176 2127 1223 2188 T.
1242 2130 1276 2190 F.

300 2205 377 2270 resia
396 2203 430 2264 ad
440 2217 473 2264 te
483 2197 734 2280 proficisceretur:
754 2201 801 2260 tel
814 2215 849 2260 ut
861 2199 1057 2278 significarem,
1077 2207 1201 2265 licetne
1216 2208 1279 2268 mi-

300 2285 413 2350 nimam
439 2295 549 2358 partem
570 2278 744 2340 meritorum
767 2297 887 2339 tuorum
914 2300 945 2339 re
969 2281 1029 2362 ipse
1052 2283 1109 2344 tibi
1128 2302 1279 2361 reponere

301 2379 416 2441 queam,
441 2376 503 2436 quo
513 2355 604 2417 modo
616 2373 715 2417 temen
726 2373 762 2417 tu
772 2357 827 2416 tibi
839 2356 951 2434 aliquid
964 2379 979 2417 a
992 2379 1040 2419 me
1052 2359 1154 2421 referri
1167 2362 1231 2436 vis,
1245 2365 1279 2425 in

301 2457 339 2501 ee
352 2433 509 2517 praessendo
522 2454 570 2496 me
590 2433 773 2512 summopere
796 2434 1001 2499 labommntm.
1029 2455 1144 2517 nempe,
1163 2455 1201 2498 ut
1217 2459 1281 2519 qua

303 2517 418 2581 ratione
439 2516 588 2576 literarum
609 2511 808 2583 fundamenta,
827 2529 856 2570 te
877 2512 1002 2586 eusiore,
1021 2516 1052 2574 in
1064 2514 1121 2576 hoc
1134 2515 1283 2597 Collegie

304 2593 402 2658 nostro
425 2591 496 2670 jaun
517 2589 603 2652 sunt:
622 2589 721 2652 eadem
744 2609 801 2663 me,
820 2607 963 2670 quantum
984 2588 1107 2672 possum,
1125 2592 1285 2674 adjutore,

304 2675 416 2750 relique
439 2667 604 2749 perficiatur
615 2666 815 2746 modificatio,
851 2667 889 2732 Et
901 2665 980 2732 hunc
991 2670 1109 2736 cursum
1129 2669 1285 2735 doctrina

305 2745 441 2812 bifariam
449 2747 586 2828 expedire
598 2763 632 2806 tu
651 2743 762 2824 semper
775 2743 929 2821 judicabas.
959 2749 1097 2826 primurn,
1117 2766 1152 2809 ut
1166 2749 1286 2830 singuli

188 2875 193 2884 .
307 2829 350 2890 sre
369 2830 401 2888 in
422 2825 551 2905 singulis,
569 2841 671 2884 nutura
691 2822 775 2895 duce,
794 2825 987 2886 elaborarent:
1013 2845 1049 2888 ut
1066 2827 1206 2888 universe
1234 2831 1287 2894 ilh

308 2907 461 2969 literarum
486 2901 621 2974 societas,
650 2903 683 2961 in
708 2901 761 2960 hac
776 2899 918 2962 Societate
942 2901 1036 2964 nostra
1061 2905 1289 2972 contineretur,

310 2982 416 3043 deinde
436 2997 473 3039 ut
486 2977 593 3040 Christi
615 2977 713 3066 omnis
729 2977 868 3052 dochina,
887 2981 1024 3057 inprimis
1042 3003 1076 3042 ex
1096 2983 1163 3061 ipsis
1177 2984 1291 3065 Scrip-

310 3075 444 3124 tutatum
455 3057 589 3119 sontibus
600 3055 700 3116 libata:
720 3058 766 3116 vel
779 3075 859 3117 certe
876 3079 910 3118 ex
924 3059 978 3130 his,
998 3060 1050 3137 qui
1062 3059 1127 3120 illos
1140 3064 1292 3142 proxime

312 3139 466 3216 attingunt
474 3134 581 3206 sontes,
600 3131 696 3192 hausta
719 3132 830 3214 semper
850 3134 902 3195 stt.
921 3135 1142 3215 videndumque
1162 3138 1294 3204 summa

313 3216 451 3278 emtione
473 3207 536 3282 esse,
555 3231 592 3271 ne
615 3211 687 3288 quid
709 3232 745 3273 ex
765 3214 927 3273 illuvieilia
939 3213 1108 3291 sentinaque
1121 3217 1298 3296 Pelagium,

234 3345 236 3350 .
314 3293 351 3354 ad
365 3291 425 3352 haec
440 3287 593 3349 inficienda
605 3287 698 3352 studia
708 3290 865 3350 derivetur.
903 3291 1016 3352 Verum
1029 3293 1079 3353 vix
1093 3293 1215 3356 credere
1230 3301 1297 3374 vis,

315 3366 531 3449 prudentissime
544 3367 600 3440 vir,
618 3382 760 3444 quantum
771 3368 910 3429 exarescit
921 3367 968 3429 hic
980 3371 1297 3448 vigorillegennanae

316 3447 467 3514 defirmat,
478 3445 530 3522 qui
544 3447 591 3504 ve}
601 3444 657 3504 hoc
670 3465 745 3504 enno
755 3446 901 3522 praeterito
912 3451 1038 3508 maxime
1048 3447 1230 3512 effloruerat:
1261 3455 1298 3519 ἃ

315 3559 316 3564 1
338 3521 469 3584 uomodo
478 3543 507 3582 re
529 3519 596 3582 ressa
604 3519 647 3581 est
657 3523 708 3581 illa
720 3525 928 3598 necnonque
942 3526 973 3584 in
983 3527 1087 3586 multis
1098 3527 1300 3596 missumma

316 3543 369 3691 spe
379 3541 533 3692 erenaei.
548 3601 756 3690 Nunc,minus
766 3603 856 3660 miror
868 3601 980 3694 ditium
993 3604 1064 3696 iliud
1078 3605 1301 3695 tuum'sopiug

319 3678 393 3744 mhi
407 3677 585 3740 inculcatum
598 3698 630 3738 tn
643 3678 732 3751 Aura,
749 3673 998 3758 emtabngnmes
1022 3699 1055 3735 π
1065 3677 1144 3736 Ν
1152 3681 1303 3761 ηιόζοο,

1232 3771 1301 3832 hoc
