2684 4476
977 4 1031 17 μ

254 211 302 284 30
443 182 521 257 ou
567 177 721 260 virs
768 176 847 254 ur
896 173 1094 254 onrru

250 297 416 369 admirabili
428 300 579 376 facultate,
590 301 743 370 virtutem,
755 299 903 378 pietatem,
928 294 1245 375 mommsuavitttem,

250 399 319 459 erga
329 383 437 442 amicos
451 377 540 442 fidem
554 380 584 442 δι
597 379 761 444 maximum
773 396 903 440 amorem
915 377 1120 457 coniungeret.
1150 378 1243 456 Quo·

249 460 307 520 ties
321 459 414 538 igitur
437 455 487 518 has
506 454 699 537 pereruditus
721 455 787 532 ejus
809 455 950 535 Epistulas
969 457 1030 532 jam
1041 472 1241 534 quartoame

251 533 671 616 austas&locupletatas,alias
685 553 723 594 ue
735 534 953 597 lucubrationes
964 531 1147 614 theologicas
1159 535 1241 615 lego,

252 613 336 691 quod
354 611 502 694 saepiffime
515 612 637 693 quidem
659 552 856 686 deussene,
874 613 905 676 δι
918 615 1041 674 materis
1060 611 1187 687 illesius,
1205 613 1239 675 dc

249 693 375 772 optimis
397 691 516 753 dicendi
537 689 702 754 luminibus
726 706 894 770 permotus:
914 691 1004 753 toties
1017 691 1047 754 δι
1059 711 1131 753 eum
1144 688 1240 752 oduu-

254 790 314 844 ror,
333 769 364 832 &
385 768 577 833 illustrissimae
594 765 698 831 nostre
711 769 849 849 Regina,
870 789 936 848 quae
948 789 985 830 eo
1006 785 1183 849 preceptore
1196 766 1240 830 est

253 847 315 922 usa,
333 849 451 928 totique
474 850 580 925 Angls'ae
600 847 743 926 gratulore
767 847 820 908 cui
842 863 961 908 tantum
979 845 1141 923 honorem,
1160 845 1241 926 apud

252 939 378 1000 exteros,
396 925 733 1006 propterensditionem,
747 925 954 1004 comportavit,
970 941 1146 1005 tantumque
1158 923 1241 1004 apud

248 1002 319 1066 suos
339 1006 488 1078 utilitatis,
505 1021 625 1084 propter
651 1003 848 1081 prudentiam,
866 1022 965 1064 rerum
990 1003 1098 1078 usum,
1117 1005 1241 1082 &prin-

249 1083 328 1160 cipis
341 1080 558 1144 institutionem
581 1084 690 1156 attulit,
710 1099 855 1160 quantum
873 1080 984 1143 adferre
995 1082 1025 1144 δι
1038 1083 1240 1162 viroptimus,

251 1157 401 1235 subjettus
414 1159 602 1234 fidelissimus,
625 1161 655 1222 ἃ
668 1160 757 1222 homo
770 1156 949 1222 dosiiffimus
961 1164 1102 1240 potuerit.
1141 1159 1243 1240 Quic-

251 1237 326 1314 quid
337 1237 458 1318 scripsit,
480 1241 574 1319 polite
587 1238 706 1314 scripsit,
726 1239 896 1316 &legentes
922 1257 1025 1300 omnes
1037 1238 1151 1300 summa
1173 1257 1241 1318 per-

253 1315 336 1378 fudit
346 1316 538 1394 jucunditate.
577 1315 649 1377 Dici
661 1317 711 1377 vix
732 1315 834 1394 potest,
852 1333 1032 1395 quantopere
1045 1317 1105 1377 visi
1125 1315 1241 1376 summa

253 1393 421 1456 eruditione
434 1392 607 1472 praestantes,
625 1412 732 1470 magna
755 1394 922 1471 eloquentia
948 1393 1125 1468 omatiliimi,
1142 1392 1244 1454 lauda·

254 1473 362 1532 sintin
378 1470 504 1549 Aschami
527 1470 644 1550 scriptis
665 1471 850 1544 civilitatem,
874 1470 1054 1546 modestiam,
1076 1470 1243 1533 humanita-

253 1565 324 1622 tem,
341 1551 371 1611 &
384 1549 759 1610 charites-innumerabiles:
773 1549 946 1611 suavitatem
960 1550 992 1609 in
1002 1549 1163 1622 sententiis,
1182 1549 1243 1610 ele·

254 1630 383 1704 gantiam
399 1629 430 1686 in
455 1627 560 1700 verbis,
584 1627 816 1689 moderationem
842 1629 873 1688 in
899 1631 1038 1701 numeris,
1058 1627 1243 1690 concinnita-

255 1723 316 1766 tem
330 1707 362 1764 in
376 1705 461 1766 rebus
477 1705 687 1778 contexendis,
704 1706 803 1766 lucem
816 1707 849 1766 in
862 1707 1011 1779 omnibus,
1033 1705 1110 1767 nihil
1134 1725 1195 1766 non
1207 1705 1242 1766 in

256 1803 292 1842 eo
306 1783 492 1861 exquisitum.
532 1783 589 1843 Sed
611 1801 710 1844 tamen
732 1782 807 1845 nihil
826 1784 1001 1856 affestatum,
1027 1787 1104 1845 vires
1116 1781 1243 1861 insignes

254 1861 315 1920 fine
324 1862 514 1932 immanitate,
534 1860 720 1922 dulcedinem
742 1861 885 1922 summam
910 1861 967 1922 fine
990 1863 1125 1939 ignavia,
1144 1860 1244 1922 brevi.

254 1953 347 1999 tatem
358 1959 427 2000 cum
439 1937 628 2012 succulentis,
649 1938 748 2000 rursus
760 1941 957 2020 prolixitatem
972 1940 1030 1999 sine
1047 1942 1173 2011 luxuria,
1194 1959 1244 2000 to-

254 2016 385 2076 tundum
406 2015 546 2093 quiddam
574 2019 603 2080 &
624 2016 773 2096 crispum,
793 2018 841 2078 sed
860 2018 919 2078 line
943 2034 1048 2077 eterna
1073 2019 1244 2094 micatione,

254 2113 315 2174 qua
340 2094 471 2155 seculum
497 2098 584 2152 Plinii
611 2094 778 2157 laborabat:
808 2094 973 2173 castigatam
1000 2097 1030 2156 δι
1058 2098 1244 2158 enucleatam

254 2172 431 2243 dislionem,
453 2171 504 2233 sed
529 2172 587 2234 fine
609 2174 751 2234 anxietate
777 2171 964 2252 scrupulosa,
995 2193 1051 2248 qua
1077 2179 1245 2232 ciceroniani

256 2247 360 2312 nostro
375 2270 437 2310 aevo
450 2248 509 2311 sese
530 2254 680 2322 emaciant,
701 2251 819 2328 &quali
833 2251 1035 2330 compedibus,
1059 2253 1241 2312 revinciunt.

256 2335 371 2394 Jsannes
385 2333 515 2384 sturmin
524 2327 645 2390 testatur
658 2331 689 2388 iss
699 2330 878 2404 elocutione,
901 2331 930 2391 δι
944 2328 1064 2390 dicendi
1089 2330 1247 2406 generibus

256 2403 334 2466 nihil
347 2402 487 2465 sevidisse
500 2412 596 2480 Regeri
607 2403 733 2482 Aschami
750 2405 869 2486 scriptis
892 2409 1018 2468 acutius.
1057 2406 1105 2468 Sic
1119 2408 1247 2468 enimin

256 2481 382 2562 quadam
396 2485 435 2543 ait
445 2483 583 2561 epistola:
605 2491 699 2542 bitere
712 2500 764 2541 sne
775 2507 823 2542 nen
830 2482 914 2560 selum
926 2482 1037 2560 suaves,
1050 2506 1144 2542 verum
1158 2489 1246 2542 etiam

256 2565 387 2634 elegantes
402 2558 493 2636 suist:
515 2577 597 2620 tants
610 2569 678 2620 enim
692 2567 719 2618 in
744 2564 840 2638 idisssi
859 2565 1019 2637 flexibilitas
1038 2564 1184 2632 verberum,
1206 2557 1247 2624 ό·

258 2641 297 2696 ad
308 2654 398 2696 acutas
412 2644 552 2713 comitatis,
571 2638 607 2704 ἐγ
621 2643 659 2698 ad
666 2659 766 2714 grauns
778 2639 944 2718 Pln'losophiae
951 2636 1118 2716 sententian
1138 2642 1248 2698 talesia

258 2719 394 2774 reuocando
404 2719 472 2788 arde,
493 2732 523 2773 us
537 2735 593 2775 snm
600 2718 750 2794 scriptionis
757 2714 928 2792 suauitatem
943 2721 1070 2792 admirer,
1089 2734 1146 2774 snm
1157 2722 1246 2774 esim

258 2798 408 2868 intelligam
420 2815 437 2848 a
450 2809 475 2850 te
487 2810 608 2853 accurare
620 2795 664 2869 effe
675 2798 820 2873 compositas
831 2823 839 2870 3
860 2798 910 2874 nist
917 2817 934 2853 a
948 2811 974 2854 se
985 2797 1055 2853 nihil
1067 2791 1250 2874 presscsssatur

258 2872 459 2949 incompofitum,
478 2869 750 2948 quantumuis-subito
759 2871 900 2950 scriptum.

298 2952 463 3026 Hieronymus
487 2948 591 3026 Oserins
613 2952 774 3030 Lnfisanns,
792 2952 919 3030 Syluenfis
945 2949 1125 3030 EpiscOPUS,
1154 2947 1249 3010 homo

257 3025 394 3087 laudibus
415 3028 592 3104 eloquentie
616 3029 831 3102 ornatissimus,
855 3030 909 3107 qui
931 3037 1058 3102 Rogrrem
1083 3026 1248 3104 Aschnmssm

258 3123 367 3179 magno
381 3123 478 3166 amore
489 3109 659 3186 complexus
672 3105 720 3177 est,
741 3107 817 3167 nihil
830 3109 944 3186 putavit
955 3104 1010 3168 else
1021 3106 1148 3178 uberius,
1167 3105 1249 3166 nihil

257 3182 291 3242 in
302 3181 357 3242 hoc
371 3201 476 3258 genere
488 3185 594 3260 aptius.
632 3192 723 3242 Petrrss
750 3191 873 3243 Nunnius
898 3187 1096 3257 Alcmarianns,
1114 3187 1145 3244 in
1176 3181 1250 3244 Col·

257 3260 338 3334 legio
360 3261 509 3332 Bnflids'ans
535 3261 611 3341 apud
638 3261 812 3338 Laurinienses
835 3262 958 3324 Latinus
983 3261 1132 3338 professor,
1159 3259 1249 3334 dixit,

257 3335 334 3408 pilril
347 3335 401 3397 else
414 3336 567 3412 disertius,
586 3339 658 3399 nihil
682 3343 803 3418 politius
826 3340 953 3419 assisini
964 3341 1065 3399 literis.
1105 3339 1247 3395 lls'clsnelns

258 3419 359 3474 Taxites
383 3415 497 3487 eraesrn,
525 3421 667 3478 laureatus
687 3421 782 3489 Poeta,
806 3421 947 3491 judicavit
962 3413 1016 3476 else
1030 3417 1106 3478 nihil
1120 3417 1250 3486 suavius,

259 3491 335 3551 nihil
359 3491 515 3553 eruditius.
555 3501 722 3572 Hieronymus
749 3498 851 3571 risslfim
874 3495 1050 3571 ottingenfis‚
1077 3494 1152 3554 nihil
1176 3517 1250 3554 con-

261 3570 380 3628 ‘cinnius
395 3568 449 3630 else
463 3569 584 3631 censuit.
624 3574 778 3649 Multique
788 3576 838 3632 alii
861 3577 1035 3649 eloquentis
1054 3574 1247 3645 eruditionis,

263 3648 295 3710 ‘dr
309 3647 427 3710 dicendi
441 3649 601 3713 virtutibus
622 3652 768 3729 perpoliti,
788 3651 871 3713 domi
889 3652 1020 3728 forisque
1040 3651 1176 3714 celebres.
1191 3672 1251 3737 ¹op·

981 3750 986 3765 ¹
1174 3747 1249 3790 trine
