2646 4448
5 131 14 196 l

200 173 264 267 u.
292 168 775 268 uariarum
815 159 1010 265 VITA.
1053 201 1110 296 19

95 331 140 413 'in
156 331 335 418 omuibus
360 335 438 417 fere
469 330 633 454 publicis
657 335 837 417 Comitiis
857 334 1022 445 partium
1041 330 1116 413 llu-

2 441 17 543 ,³
96 445 208 525 dium
226 443 319 554 saepc
340 444 506 540 valuille‚
534 453 666 526 contra
687 471 802 558 quam
821 449 878 555 jus
902 442 1116 553 postulave-

2 555 19 606 Β
98 557 149 634 rit
169 585 178 636 :
206 557 385 666 judicium
409 555 600 638 affectibus
617 559 826 664 corrumpi,
856 560 894 637 a<
912 553 1116 636 sententias

1 668 19 748 [3
96 693 178 746 non
199 667 414 774 ponderari,
445 667 505 748 sed
528 669 745 749 numerari:
774 670 865 775 (nec
878 667 1028 748 fortean
1038 689 1118 746 me-

1 772 20 832 Τ·
103 777 177 858 lius
191 805 256 858 aut
275 777 412 861 sentire
429 799 494 859 aut
515 780 680 860 ominari
704 800 770 861 aut
795 778 934 886 potuit,
960 797 1027 856 aut
1048 801 1119 854 vo·

6 893 19 975 ε’
100 889 233 988 luit,de
247 888 468 998 quibusdam
484 887 706 997 promiscuis
718 886 1031 972 Academicorum
1046 887 1120 967 cle·

1 1003 19 1059 i
103 997 308 1098 baronibus,
338 1004 377 1082 in
406 1000 540 1110 quibus
560 1003 713 1106 juvenes
739 1006 780 1082 &
796 994 977 1079 cerebrofi
995 999 1035 1077 8(
1061 997 1121 1078 in·

103 1112 206 1190 cauri
240 1111 433 1193 iuterdum
457 1111 743 1219 dominantur.)
800 1111 894 1191 ldeo
912 1111 960 1191 de
977 1105 1120 1189 Elelio·

2 1233 19 1287 ὃ
104 1219 219 1316 ribus,
247 1224 286 1302 in
300 1249 394 1331 quos
410 1225 519 1304 nullae
538 1221 721 1329 ejusmodi
742 1219 973 1330 suspiciones
990 1220 1122 1300 cadere

1 1345 19 1396 ⁴·
107 1328 273 1440 polluat,
299 1332 568 1414 constituendis
585 1335 750 1414 maxime
765 1353 844 1413 erat
861 1329 1036 1412 solicitus.
1092 1331 1122 1410 li

4 1455 18 1491 Ἰ·
104 1467 234 1523 auteur
255 1465 361 1524 erant
382 1441 607 1524 illustrillimi
623 1445 722 1543 Viri,
762 1445 826 1551 qui
847 1443 888 1523 in
907 1435 1123 1521 muneribus

5 1570 17 1625 12
108 1553 267 1660 publicis
287 1555 480 1663 praecipuae
502 1556 702 1663 dignitatis
734 1580 798 1635 aut
821 1557 859 1633 iu
882 1552 1035 1633 Ecclesia
1058 1571 1122 1632 aut

0 1697 18 1729 ²·
103 1667 144 1744 iu
172 1666 405 1771 Republica,
447 1692 519 1772 pto
547 1687 717 1772 ternpore
742 1664 932 1745 constituri
972 1662 1126 1759 luerint,

2 1778 13 1814 ¹·
105 1801 204 1884 qaus
239 1777 322 1854 licet
362 1774 463 1856 hisce
494 1775 654 1858 scientiis
679 1775 797 1886 probb
819 1774 1014 1855 instruitur
1043 1773 1125 1852 lore

9 1883 16 1960 ’.
109 1890 325 1966 nullatenus
344 1885 624 1986 existimaverit,
652 1910 775 1969 tamen
798 1890 873 1968 hoc
899 1883 965 1981 fibi
988 1882 1127 1964 habuit

0 2033 12 2072 :
104 1993 426 2102 persualirsunum,
441 2024 482 2076 ea
502 1995 831 2094 cautioneusuros‚
863 2017 903 2076 ut
923 1997 1125 2092 neminem,

6 2135 14 2186 ,·
110 2105 176 2186 nili
204 2109 364 2201 muneri,
392 2107 494 2216 quocl
513 2107 648 2202 ambit,
677 2109 842 2189 omniuo
859 2133 1000 2216 parem,
1023 2109 1130 2184 aVi-

110 2219 173 2316 ris,
195 2221 342 2297 illarum
363 2216 627 2301 callcnrillimis
645 2224 684 2299 bc
707 2222 810 2299 omui
832 2220 1058 2326 partialitate
1086 2239 1130 2295 ac

1 2370 4 2373 ·
111 2332 214 2410 malo
240 2325 370 2408 all'cciu
401 2330 541 2426 vacuis,
579 2331 888 2411 commendatum
915 2332 1129 2409 laudarum·

1 2471 13 2528 ἡ
108 2466 195 2548 que,
245 2439 520 2546 praeficiendum
563 2443 743 2521 curarint.
808 2440 927 2541 Quod
957 2438 1130 2520 balianus

1 2588 9 2599 ‚
111 2552 256 2656 oprimi
273 2577 357 2630 cum
376 2549 448 2631 file
467 2555 505 2629 ὃ(
533 2548 680 2631 summo
707 2548 773 2631 suo
792 2551 955 2646 honore,
990 2548 1130 2654 pariter

8 2701 11 2708 ·
112 2687 155 2740 ac
180 2665 228 2740 D.
241 2663 381 2758 Savilii,
404 2661 580 2746 licentur,
600 2666 639 2742 ὃ(
659 2665 696 2743 ἰη
718 2684 953 2770 perpetuum,
977 2679 1015 2738 ut
1033 2662 1133 2737 omi-

1 2814 6 2825 1
113 2774 195 2851 nari
216 2774 273 2852 las
298 2771 360 2867 est,
389 2773 523 2853 fallari
545 2771 649 2877 l'uut⁸⁴
696 2772 765 2855 Sed
791 2773 932 2881 praellut
950 2766 1134 2850 nobibili-

1 2929 10 2980 7.
116 2910 220 2962 mam
249 2882 497 2963 Frurdarorcm
526 2885 720 2966 haedere
747 2887 788 2964 iu
817 2881 889 2964 suis
907 2881 1049 2962 statutis
1076 2883 1134 2960 lo-

1 3075 9 3086 Ὶ,
109 3019 289 3103 queurcm
303 2995 458 3077 audire:
489 3019 653 3102 quoram
669 2993 847 3076 ferriones
868 2999 914 3074 V.
930 2995 969 3071 ὃ(
991 2997 1051 3073 Vl.
1074 2993 1133 3070 ni-

2 3154 5 3200 3
113 3109 251 3185 misum
280 3106 328 3184 cle
350 3107 576 3186 Electoribus
604 3109 643 3186 ὃ(
664 3106 866 3216 augendis,
899 3125 940 3183 ut
960 3103 1060 3182 illius
1080 3099 1100 3180 s
1119 3148 1136 3161 -

2 3294 9 3312 ,,
116 3216 271 3323 pientia,
310 3214 580 3312 munificentia,
624 3213 922 3322 immortalisque
962 3239 1050 3294 cura
1087 3211 1135 3291 de

2 3374 8 3384 ,
114 3325 381 3410 substituendis
410 3331 450 3408 in
478 3332 604 3409 locum
620 3326 888 3409 defunllorum
913 3344 978 3404 aut
1000 3325 1136 3403 cericu-

5 3529 7 3534 ,
113 3439 214 3520 tium
232 3439 327 3524 aliis,
345 3440 410 3547 qui
426 3441 585 3520 candem
606 3439 847 3545 provinciam
857 3458 1049 3527 ornarent,
1063 3434 1137 3513 fiae

1 3631 5 3639 ,
114 3551 186 3631 sint
210 3549 409 3648 indigena,
441 3550 512 3630 sive
529 3577 759 3659 quocunque
780 3545 844 3627 sub
859 3575 928 3625 axe
953 3546 1045 3640 nari,
1061 3549 1137 3624 cla-

115 3665 192 3742 rius
208 3637 468 3756 eluccscereut,
502 3688 546 3740 ex
570 3663 716 3741 inedito
732 3684 892 3771 corpore
912 3655 1138 3741 statutorum

113 3773 396 3868 ¹Saviliarroraur
415 3773 474 3853 lric
492 3797 700 3882 apponam.
