2646 4448
204 115 349 216 nu.
378 113 784 212 susurru]
815 107 1125 252 trram

104 280 376 390 Mannscriptis
401 281 573 381 collatos,
600 299 675 364 aur
705 303 870 390 quorum
893 278 1128 392 marginibus

104 391 216 476 notra
244 392 404 502 Josephi
424 393 615 504 Scaligeri,
646 397 921 476 bonaventurae
935 393 1128 496 Vulcanii,

2 555 3 604 ;
100 504 485 604 Heinsrorum,Patris
504 507 544 588 8(
563 505 661 604 Filii,
680 507 933 615 aliorumque,
946 507 1014 615 qul
1027 507 1129 590 hanc

99 619 293 725 egregiam
321 619 523 700 literaturae
557 625 727 728 partem,
758 614 909 699 summo
929 641 1012 700 cum
1041 645 1128 702 onr-

1 785 4 834 3
102 731 215 812 nium
241 726 444 839 applausu,
470 727 731 838 post'renatas
754 730 882 811 literas
904 729 1124 831 tratitrunt,

98 865 235 926 manus
249 841 415 938 Scholia,
429 839 732 942 emendationes,
760 843 801 922 8(
820 839 1055 949 conjel‘iuras
1073 848 1129 926 al·

100 949 261 1053 levisset,
290 949 373 1054 fibi,
407 955 576 1062 erogatis
595 953 692 1061 pene
711 956 810 1036 ultra
832 952 991 1036 modum
1013 981 1125 1038 num-

100 1065 187 1165 mis,
216 1091 296 1148 non
317 1061 391 1148 fine
407 1069 518 1173 gravi
532 1066 584 1146 rei
603 1065 807 1148 familiaris·
819 1065 979 1164 damno,
999 1064 1042 1147 in
1059 1087 1125 1174 pez

98 1179 239 1259 culium
253 1201 487 1285 comparare,
518 1177 636 1285 longe
652 1173 866 1287 pretiosiori
887 1173 1126 1287 supellellrilis'

94 1286 259 1373 librariae
277 1313 386 1396 parte
406 1288 784 1371 indeconstituendr.
841 1292 924 1372 Nec
944 1286 1026 1371 solo
1046 1291 1124 1372 hoc

1 1503 2 1510 Ν
96 1402 258 1484 nornine
284 1401 374 1482 felix
411 1399 508 1484 iliud
538 1401 613 1483 iter
640 1399 708 1483 fibi
736 1404 946 1510 gratulatus
964 1400 1045 1483 est:
1081 1403 1124 1485 irl

95 1535 182 1618 quo¹
199 1509 670 1621 redintegratisveteribus
685 1513 878 1612 amicitiis,
900 1538 1020 1595 novas
1033 1537 1121 1596 curn

98 1623 385 1731 praeclarissimis
407 1627 446 1703 8(
466 1621 720 1706 erudirilsrnris
735 1625 850 1722 Viris,
886 1623 1025 1734 quibus
1043 1629 1125 1706 Foe-

1 1735 2 1826 }
97 1735 275 1822 deratunt
297 1738 473 1844 ,Belgium
502 1734 640 1818 merito
657 1736 853 1844 gloriatur,
882 1738 957 1816 viz.
975 1735 1125 1841 joanne

97 1850 474 1957 GeorgioGraevio,
503 1847 1126 1957 FrerlericoSpanhemio,Jacobo

96 1961 342 2070 Triglandio,
371 1957 519 2068 Jacobo
537 1960 759 2060 Gronovio,
795 1955 945 2064 Jacobo
969 1961 1123 2044 Perizo-

1 2074 3 2081 ’
99 2073 183 2172 nio,
216 2073 433 2156 Theodoro
450 2073 614 2180 Ryclci0,
642 2072 814 2153 Servatio
831 2073 992 2170 Gallae0,
1011 2077 1124 2155 Eval-

97 2184 153 2266 do
183 2187 328 2282 Rulaeo,
364 2180 536 2293 aliisque,
576 2182 650 2264 soli
679 2203 802 2264 morte
822 2180 1003 2266 finiendas
1033 2211 1124 2268 con·

97 2297 282 2380 traxerit:
317 2321 482 2406 quorum
509 2295 669 2378 obviam
695 2297 976 2378 humanitatem
994 2323 1016 2378 e
1034 2322 1124 2379 can·

1 2490 2 2494 a
95 2405 298 2491 didillirnis
319 2406 532 2520 pastoribus
562 2406 729 2489 ubertim
760 2406 954 2504 fluentem,
985 2409 1026 2488 in
1043 2413 1123 2490 col·-

96 2522 253 2630 loquiis,
282 2521 324 2602 in
355 2519 559 2616 conviviis,
599 2523 639 2601 in
670 2520 838 2626 negotiis
857 2518 1119 2628 expediendis,

96 2635 207 2714 omni
228 2655 413 2738 tempore,
441 2658 519 2742 quo
539 2634 691 2713 illorum
709 2658 784 2739 ope
808 2634 847 2710 8(
863 2628 1023 2713 consilio
1042 2657 1123 2714 erat

98 2746 297 2839 utendum,
325 2743 419 2824 dnnr
452 2743 557 2849 apud
591 2747 677 2824 illos
712 2769 858 2824 moram
880 2744 1021 2832 fecerit,
1057 2771 1123 2824 ex-

96 2877 236 2967 pertuS,
268 2860 404 2937 ovanti
421 2858 461 2936 8(
480 2875 592 2964 grato
617 2882 684 2935 ore
717 2853 966 2936 indesinenter
987 2859 1122 2960 pradi-

1 3065 3 3072 γ
96 2967 237 3052 rabat:
267 2970 450 3076 precipue
481 2993 574 3048 vern
597 2969 727 3048 mirari
760 2963 904 3047 solebat
934 2965 1120 3050 summanr

1 3171 2 3174 p
94 3083 180 3162 Viri
206 3076 437 3190 amplissimi,
471 3082 511 3159 8(
537 3101 617 3159 tarn
635 3077 688 3158 ob
712 3081 968 3159 amoeniorum
995 3082 1120 3160 litera-

100 3218 183 3274 rum
205 3197 405 3280 cnlnrranr,
436 3218 550 3301 quarn
570 3191 624 3272 ob
642 3191 816 3298 politicas
834 3214 929 3272 artes
949 3192 1121 3272 civilem-

1 3393 2 3396 p
96 3329 169 3413 qne
197 3305 434 3410 prudentiam
462 3299 712 3398 celeberrimi,
746 3303 903 3382 Nicolai
926 3303 1120 3404 Wirsenii,

97 3417 279 3498 Consulis
309 3413 680 3507 Amstelodamcnsrs,
728 3411 1038 3518 benignitatem,
1080 3418 1121 3496 in

91 3533 198 3638 cnjus
230 3526 403 3608 laudibus
422 3524 658 3608 celebrandis
677 3549 755 3606 erat
772 3522 948 3620 allidam,
985 3542 1121 3632 utpote

95 3641 147 3722 ab
168 3642 319 3724 eodeni.
351 3666 431 3719 non
459 3659 603 3719 tanttnn
637 3633 914 3730 hunranilsime,
950 3639 990 3713 8(
1025 3639 1120 3720 citra

94 3778 253 3834 ornnem
276 3751 425 3844 latium,
457 3753 496 3830 8(
526 3749 715 3854 dignitate
735 3746 914 3828 senatorii
936 3747 1035 3856 quali
1056 3749 1121 3830 de·

92 3865 227 3974 polita,
263 3883 455 3973 exceptus,
492 3858 555 3943 sed
585 3856 724 3967 insigni
762 3886 947 3954 munere,-
973 3859 1119 3939 Distio

1011 3998 1121 4052 nano
