2654 4466
295 247 367 337 ηε
408 223 611 313 uorum
636 218 1215 324 transimennum.

598 535 823 622 EPIST..
847 533 945 617 ΔΧΠ.

362 687 736 815 Ronanus
789 717 1189 840 Ascnaflurus

474 847 767 961 Huuuaro
816 889 938 962 suo.
965 875 1060 961 'aa

395 1063 482 1125 Ultos
503 1085 551 1125 ma
592 1086 611 1126 o
633 1063 743 1139 dolore,
773 1064 803 1124 ἃ
826 1083 874 1125 me
894 1085 955 1126 non
977 1063 1119 1125 mediocri
1146 1060 1262 1136 affecit,

414 1141 508 1202 subita
530 1143 578 1202 ila
603 1144 719 1222 Metensss
733 1141 895 1203 'obsidionis
916 1141 1076 1212 derelistim
1095 1137 1261 1202 doffislirue

289 1223 417 1292 Hiberae,
452 1239 517 1298 quoe
540 1220 751 1297 impedimento
771 1220 832 1280 fuit
854 1237 914 1298 quo
935 1221 1035 1281 minus
1056 1219 1260 1292 Heidelbergm

288 1297 467 1360 accesserim:
488 1297 540 1358 ubi
567 1295 738 1376 singularem
762 1299 943 1375 voluptatem
969 1315 1005 1356 ex
1027 1295 1106 1356 suavi
1129 1293 1260 1355 consue·

288 1377 403 1450 tudine,
423 1376 452 1434 dc
463 1375 581 1436 erudito
591 1375 731 1449 sermone,
749 1391 803 1434 tuo
821 1375 970 1452 videlicet,
988 1377 1092 1450 Micyllr',
1110 1373 1138 1433 de
1153 1369 1262 1448 cifram*

286 1450 484 1533 percepissem.
525 1451 562 1510 de
572 1452 646 1512 reela
659 1471 786 1528 namque
798 1453 899 1514 Graece
911 1447 1117 1532 pronuntiandi
1130 1451 1259 1522 ratione,

287 1560 300 1587 ι
331 1529 439 1592 omodo
459 1531 538 1589 inter
559 1548 613 1590 nos
635 1527 827 1589 constitutum
849 1525 929 1603 suit,
960 1526 1166 1596 commode&
1189 1525 1259 1588 fuse

285 1549 512 1688 disputassemus.
547 1605 701 1685 ¹Magnum
713 1607 846 1666 frustum·
854 1607 914 1668 scio
927 1627 962 1666 ex
974 1605 1063 1668 vestra
1074 1603 1256 1678 eruditione,

285 1687 317 1748 δι
363 1687 467 1745 almam
487 1679 588 1760 ipsam,
616 1683 703 1745 credo
725 1703 761 1744 ex
782 1683 898 1746 meliori
915 1681 1005 1744 caussa
1017 1683 1139 1743 domum
1152 1701 1258 1759 repor-

285 1781 300 1823 t
338 1783 395 1822 em.
433 1759 604 1821 Delsulerta
625 1781 700 1836 meo,
723 1759 778 1821 hoc
801 1759 851 1833 est,
874 1761 910 1822 de
923 1762 1033 1822 summa
1047 1761 1255 1833 bonitatem,

285 1843 316 1902 δι
326 1837 485 1918 multiplici
497 1837 673 1911 dodisma&
686 1839 722 1898 de
736 1840 783 1898 illa
797 1836 928 1899 inslituta
940 1837 1034 1900 noslra
1044 1837 1255 1916 disputatione,

284 1917 358 1998 sepe
376 1919 564 1991 multumque
585 1919 695 1994 cogito,
713 1916 795 1976 &ita
809 1919 919 1995 cogito,
937 1935 973 1976 ut
984 1915 1015 1977 id
1030 1917 1132 1988 literis,
1149 1915 1252 1992 aliqua

284 2015 321 2058 ex
342 2012 432 2074 parte,
450 2011 530 2054 nunc
540 2009 649 2054 tentem
660 1992 804 2067 inchoare,
829 1995 908 2073 quod
928 1993 1095 2074 opportuno
1106 1992 1254 2064 sermone,

284 2092 393 2146 coram,
418 2071 501 2149 plene
514 2067 642 2146 praestate
655 2069 816 2151 potuissem.
856 2073 900 2132 Ex
912 2070 964 2131 hac
978 2089 1073 2132 tamen
1085 2089 1142 2129 um
1156 2089 1197 2143 re,
1220 2071 1253 2134 δι

283 2165 386 2210 mutua
397 2147 540 2209 scribendi
553 2149 674 2222 ratione,
684 2149 831 2228 duplicem
841 2151 988 2228 capiemus
998 2146 1251 2209 commoditatem.

220 2281 225 2294 .
282 2247 351 2288 nam
364 2227 465 2288 initam
478 2224 602 2286 nostram
623 2229 793 2300 amicitiam,
811 2228 960 2287 literarum
982 2225 1119 2286 crebitate
1139 2222 1253 2286 stabili·

282 2325 384 2364 emus:
416 2301 628 2364 &institutam
651 2303 774 2366 noslram
796 2304 1035 2382 disputationem,
1059 2321 1163 2382 magna
1176 2321 1250 2362 eum

280 2382 431 2458 voluptate
446 2384 660 2460 persequemur.
672 2384 740 2460 pers
771 2401 876 2443 uemur
886 2399 1027 2442 autemeu
1037 2380 1251 2442 modoutmo·

279 2458 505 2520 dumliterarum
515 2479 666 2539 nunquam
677 2480 745 2520 exce
767 2459 1144 2537 amus:propterea,srngulis
1154 2457 1252 2520 literis

279 2535 394 2610 nostris,
427 2537 568 2614 singulam
590 2555 735 2615 quamque
757 2538 889 2597 Graecam
912 2542 1024 2597 literam
1046 2536 1250 2614 expediamus.

280 2616 311 2675 dc
321 2614 358 2674 fic
375 2613 476 2675 noslrae
488 2617 589 2686 literae,
608 2634 759 2691 nunquam
771 2617 859 2675 nimis
870 2616 973 2692 longe,
988 2617 1016 2675 δι
1029 2615 1163 2675 materies
1174 2612 1251 2673 scri-

280 2693 368 2752 bendi
390 2693 503 2771 semper
525 2693 607 2752 valde
630 2692 746 2771 copiosa
768 2691 853 2752 nobis
875 2692 1016 2771 proposita
1029 2693 1094 2752 erit.
1133 2689 1249 2770 Auspi·
1325 2721 1326 2728 κ

279 2789 380 2830 cemur
401 2773 493 2847 igitur
513 2770 679 2829 faventibus
693 2771 795 2842 Musis,
813 2770 842 2830 δι
856 2771 1002 2848 agnoscite
1014 2767 1152 2831 caussam:
1174 2787 1248 2829 nam
1325 2799 1326 2802 ¹

278 2865 332 2905 vos
356 2863 423 2918 tres,
452 2865 525 2922 quos
550 2847 640 2906 habeo
664 2846 847 2919 adversarius,
876 2850 1000 2910 libenter
1020 2850 1053 2908 in
1075 2846 1128 2906 hae
1147 2842 1247 2908 cruffu

277 2925 372 3001 patior
395 2921 450 2982 elle
476 2924 597 2998 inclitus.
647 2925 772 2984 Prodeat
793 2945 863 3003 ergo
884 2943 1008 3001 utraque
1031 2925 1281 3003 pronuntiatio*

276 2998 368 3060 vestra
391 3001 419 3060 δι
441 3001 543 3061 noslra.
574 3019 708 3078 pugnent
730 3003 806 3063 inter
828 3005 856 3062 s'e
906 3003 1026 3079 Quibus
1040 3004 1129 3062 telis?
1159 3001 1247 3062 Rati·

275 3078 404 3136 onibus?
433 3078 528 3138 Facile
547 3082 669 3158 accipio.
713 3079 873 3140 Domina>
899 3081 932 3140 ld
946 3102 961 3140 a
974 3081 1058 3140 vobis
1071 3077 1247 3141 doctissimis

275 3155 405 3230 expedio.
445 3153 606 3224 Testibus?
636 3157 675 3216 Et
691 3177 746 3233 ego
759 3175 877 3234 quoque
889 3158 987 3218 laudo.
1025 3159 1166 3218 Rationes
1178 3155 1244 3219 scio

274 3232 367 3294 nullas
376 3231 494 3305 habetis,
503 3231 554 3292 nist
566 3252 634 3309 quas
647 3234 815 3295 subornavit
828 3237 982 3315 multiplex
995 3233 1088 3294 veslra
1099 3234 1242 3295 dodln'na.
1324 3259 1325 3264 ¹

273 3307 330 3366 Sed
352 3306 436 3377 testes
457 3313 552 3386 quos?
581 3309 756 3371 Exculiendi
779 3314 858 3372 enim
879 3313 956 3374 sunt.
994 3310 1113 3372 Tellem
1128 3312 1243 3374 habetis

273 3385 410 3460 primum,
428 3387 523 3459 usum,
544 3387 613 3463 quia
634 3405 735 3450 ornnes
758 3394 948 3470 pronuntiant
971 3407 1005 3451 ut
1026 3409 1088 3460 vos,
1107 3391 1241 3470 exeeptis

272 3463 359 3522 nobis
382 3467 486 3535 Augus.
523 3463 656 3538 Deinde,
687 3465 850 3544 producitis
879 3469 970 3546 ipsium
992 3474 1139 3539 Graeciam,
1172 3487 1239 3546 qun

271 3538 359 3599 hodie
380 3545 486 3599 retinet
507 3538 627 3601 vestram
651 3545 930 3620 pronuntiationem,
963 3548 1050 3620 cujus
1073 3545 1239 3616 audierint,

271 3618 357 3690 longe
385 3618 583 3692 anteponenda
606 3616 645 3677 esi
668 3617 730 3678 islit
749 3619 846 3680 divisis
859 3639 922 3681 roro
935 3625 1005 3682 orbe
1018 3628 1166 3684 Britannis.
1205 3623 1237 3684 Si

208 3762 210 3766 ,
271 3694 355 3754 usum
376 3695 540 3769 intelligitis
562 3697 660 3772 ptiscae
681 3698 761 3759 illius
786 3703 875 3760 atatis
893 3700 1147 3772 consuetudinem,
1167 3720 1237 3760 cum

1160 3795 1236 3840 vixit
