2604 4462
241 260 563 352 unsrun
599 263 907 355 Suum.
1010 301 1077 388 43

54 455 109 522 ve
132 409 339 545 dignitite
354 426 525 524 Illustri‚
562 427 801 526 iconfiliim
835 455 903 520 aut
922 432 1084 532 secretis

51 573 146 662 effe
162 567 298 683 poffit.
347 567 583 657 Proximum
607 571 697 666 est,
742 596 789 658 ut
812 572 951 662 saltem
978 602 1081 666 curm

1 750 2 822 ;
51 711 140 798 na
158 711 306 796 iterum
336 706 669 796 commendentur
691 690 864 820 juvenes¹
879 709 1005 804 ¹facile
1041 747 1082 801 a,
1183 813 1184 816 w

56 873 235 966 gemes,
268 875 357 934 non
385 875 470 964 quo
493 851 545 936 iis
564 848 717 937 duston
731 845 802 936 sed
819 848 1080 952 domesticus}

58 989 135 1075 sed
152 987 388 1102 quibuscum
403 989 630 1083 continuo,
675 987 740 1075 vel
760 1015 858 1077 mox
884 1011 1006 1076 terras
1021 994 1082 1080 lu·

66 1127 165 1212 stret
182 1145 349 1213 exteras.
421 1128 519 1214 Hoc
538 1127 622 1214 fme
646 1125 851 1232 fostunam
878 1156 1081 1239 quaerens,

11 1359 15 1372 ,
67 1265 182 1380 prius
203 1263 462 1363 Britannias,
493 1295 591 1353 mox
620 1265 775 1352 Gallias
791 1266 902 1353 vifit:
948 1290 1081 1355 utrum

67 1433 120 1489 ex
143 1403 254 1495 suo,
298 1433 349 1486 an
366 1406 525 1493 alterius
545 1405 746 1498 confilios
794 1405 892 1492 haut
912 1405 969 1491 sat
988 1405 1079 1493 scio.

67 1539 305 1658 significavi
322 1543 421 1638 illi,
474 1545 566 1630 satis
594 1543 695 1628 mihi
725 1543 892 1632 arduum
921 1543 1081 1640 videri,

68 1681 187 1793 quod
197 1689 301 1794 petit
323 1683 367 1766 in
387 1707 497 1771 tanta
514 1681 690 1770 exsulum
701 1683 995 1770 Germanorum
1015 1715 1083 1770 co-

68 1824 175 1933 pia,
219 1821 264 1904 in
284 1821 348 1904 his
367 1842 431 1909 tot
460 1821 626 1910 eruditis
643 1823 879 1935 juvenibus,
909 1849 1082 1932 quorum

71 1959 247 2068 quilibet
266 1962 380 2074 'pene
407 1963 683 2050 conditionem
708 1961 935 2073 hujusmodi
955 1961 1083 2075 depo¹

1 2139 2 2146 *
72 2099 158 2182 scit.
213 2099 394 2210 Roganti
405 2104 466 2194 ei,
502 2125 548 2185 ut
565 2101 716 2213 aliquid
736 2103 786 2185 aii
804 2127 844 2186 te
863 2101 1082 2184 litterarum

69 2211 363 2329 dare⁶vellem‚
407 2269 491 2324 non
511 2242 628 2354 potui
648 2237 694 2322 id
711 2235 908 2353 denegare
930 2267 939 2318 :
984 2266 1083 2350 prae·

69 2375 210 2461 sertim
234 2375 326 2458 ¹cum
355 2375 462 2464 idem
494 2399 647 2490 peteret
682 2375 919 2461 Vincentius
944 2373 1083 2461 Fabri·

73 2517 191 2607 cius,
226 2516 382 2622 juvenis
409 2541 454 2601 ut
481 2517 654 2601 carmine
678 2517 864 2625 pollens,
909 2510 961 2594 fic
992 2511 1082 2597 aliis

72 2659 198 2741 etiam
216 2649 352 2736 studiis
370 2658 547 2741 excultus
568 2707 581 2747 2
619 2665 658 2740 &
678 2705 692 2745 ›
736 2649 848 2766 quod
868 2671 986 2761 caput
1004 2649 1082 2740 est,

74 2791 257 2875 moribus
287 2793 568 2902 perhonestis:
615 2796 776 2906 quicum
809 2817 893 2873 non
920 2787 1085 2897 exiguus

2 2929 10 2944 '
77 2930 209 3021 mihi,
244 2929 371 3036 major
387 2932 522 3016 liberis
548 2933 647 3015 meis
664 2931 751 3016 usus
770 2922 990 3014 mtercedit.
1044 2925 1084 3008 Is

81 3093 169 3150 eum
208 3086 253 3149 ut
288 3070 445 3178 optime
476 3068 628 3162 novit,
684 3063 809 3178 (nam
840 3059 1084 3183 aliquamdiu

80 3231 168 3288 cum
187 3231 241 3288 eo
268 3202 458 3291 Coloniae
479 3207 713 3320 Agrippinae
736 3202 867 3317 vixit)
901 3201 958 3282 ita
983 3201 1084 3286 mihi
1148 3236 1150 3240 ·

73 3342 343 3428 {virtutibus
374 3353 414 3428 &
441 3342 624 3430 doctrina
655 3337 983 3429 commendavit,
1029 3360 1086 3444 at·

59 3504 157 3592 -que
187 3501 233 3566 ut
261 3479 369 3566 idem
396 3482 503 3594 apud
528 3504 568 3565 te
594 3479 721 3590 facere
750 3477 927 3570 veliem,
972 3476 1086 3556 omni

70 3619 209 3709 studio
229 3619 448 3706 contendit.
519 3620 602 3707 Etsi
621 3640 753 3706 autem
784 3614 904 3732 plane
932 3609 1086 3830 perina-

1020 3773 1086 3831 um
