<?xml version="1.0" encoding="UTF-8"?>
<!DOCTYPE html PUBLIC "-//W3C//DTD XHTML 1.0 Transitional//EN"
    "http://www.w3.org/TR/xhtml1/DTD/xhtml1-transitional.dtd">
<html xmlns="http://www.w3.org/1999/xhtml" xml:lang="en" lang="en">
 <head>
  <title>
</title>
<meta http-equiv="Content-Type" content="text/html;charset=utf-8" />
  <meta name='ocr-system' content='tesseract 3.04.00' />
  <meta name='ocr-capabilities' content='ocr_page ocr_carea ocr_par ocr_line ocrx_word'/>
</head>
<body>
  <div class='ocr_page' id='page_1' title='image "./rogeriaschamiep00sturgoog_0054.png"; bbox 0 0 2684 4476; ppageno 0'>
   <div class='ocr_carea' id='block_1_1' title="bbox 216 174 1134 319">
    <p class='ocr_par' dir='ltr' id='par_1_1' title="bbox 216 174 1134 319">
     <span class='ocr_line' id='line_1_1' title="bbox 216 174 1134 319; baseline -0.001 -18"><span class='ocrx_word' id='word_1_1' title='bbox 216 197 219 204; x_wconf 79' lang='grc'>’</span> <span class='ocrx_word' id='word_1_2' title='bbox 284 229 333 301; x_wconf 73' lang='lat' dir='ltr'>ea</span> <span class='ocrx_word' id='word_1_3' title='bbox 391 302 396 319; x_wconf 67' lang='lat'>,</span> <span class='ocrx_word' id='word_1_4' title='bbox 474 174 756 305; x_wconf 77' lang='lat' dir='ltr'>nn&#39;virr</span> <span class='ocrx_word' id='word_1_5' title='bbox 803 223 886 300; x_wconf 76' lang='lat' dir='ltr'>ur</span> <span class='ocrx_word' id='word_1_6' title='bbox 938 222 1134 300; x_wconf 75' lang='lat' dir='ltr'>our‘ru</span> 
     </span>
    </p>
   </div>
   <div class='ocr_carea' id='block_1_2' title="bbox 277 342 1284 2520">
    <p class='ocr_par' dir='ltr' id='par_1_2' title="bbox 277 342 1284 2520">
     <span class='ocr_line' id='line_1_2' title="bbox 290 342 1282 483; baseline 0.002 -75"><span class='ocrx_word' id='word_1_7' title='bbox 290 342 427 421; x_wconf 83' lang='lat' dir='ltr'>duxisset,</span> <span class='ocrx_word' id='word_1_8' title='bbox 451 345 548 425; x_wconf 77' lang='lat' dir='ltr'>frigus</span> <span class='ocrx_word' id='word_1_9' title='bbox 557 348 713 420; x_wconf 79' lang='lat' dir='ltr'>contraxit,</span> <span class='ocrx_word' id='word_1_10' title='bbox 726 363 793 483; x_wconf 52' lang='lat' dir='ltr'>tm</span> <span class='ocrx_word' id='word_1_11' title='bbox 798 359 952 425; x_wconf 82' lang='lat' dir='ltr'>correptus</span> <span class='ocrx_word' id='word_1_12' title='bbox 964 346 999 406; x_wconf 82' lang='lat' dir='ltr'>in&#39;</span> <span class='ocrx_word' id='word_1_13' title='bbox 1009 363 1127 424; x_wconf 83' lang='lat' dir='ltr'>gravem</span> <span class='ocrx_word' id='word_1_14' title='bbox 1139 342 1282 410; x_wconf 83' lang='lat' dir='ltr'>morbum</span> 
     </span>
     <span class='ocr_line' id='line_1_3' title="bbox 293 424 1283 502; baseline 0 -16"><span class='ocrx_word' id='word_1_15' title='bbox 293 425 404 487; x_wconf 85' lang='lat' dir='ltr'>incidit</span> <span class='ocrx_word' id='word_1_16' title='bbox 413 425 552 502; x_wconf 75' lang='lat' dir='ltr'>sigesrmo</span> <span class='ocrx_word' id='word_1_17' title='bbox 564 427 652 486; x_wconf 85' lang='lat' dir='ltr'>tertio</span> <span class='ocrx_word' id='word_1_18' title='bbox 672 431 736 483; x_wconf 88' lang='lat' dir='ltr'>Dece</span> <span class='ocrx_word' id='word_1_19' title='bbox 794 424 919 485; x_wconf 67' lang='lat' dir='ltr'>annno</span> <span class='ocrx_word' id='word_1_20' title='bbox 930 424 1058 486; x_wconf 89' lang='lat' dir='ltr'>Domini</span> <span class='ocrx_word' id='word_1_21' title='bbox 1074 429 1159 499; x_wconf 84' lang='lat'>1568.</span> <span class='ocrx_word' id='word_1_22' title='bbox 1192 424 1283 486; x_wconf 86' lang='lat' dir='ltr'>Huic</span> 
     </span>
     <span class='ocr_line' id='line_1_4' title="bbox 293 499 1283 584; baseline -0.005 -21"><span class='ocrx_word' id='word_1_23' title='bbox 293 505 448 580; x_wconf 71' lang='lat' dir='ltr'>egrotanti</span> <span class='ocrx_word' id='word_1_24' title='bbox 460 502 533 582; x_wconf 82' lang='lat' dir='ltr'>serpe</span> <span class='ocrx_word' id='word_1_25' title='bbox 545 501 641 562; x_wconf 84' lang='lat' dir='ltr'>adsuit</span> <span class='ocrx_word' id='word_1_26' title='bbox 654 503 711 574; x_wconf 84' lang='lat' dir='ltr'>vir,</span> <span class='ocrx_word' id='word_1_27' title='bbox 729 501 922 563; x_wconf 79' lang='lat' dir='ltr'>ornatissimus</span> <span class='ocrx_word' id='word_1_28' title='bbox 931 499 1117 584; x_wconf 80' lang='lat' dir='ltr'>Theologus,</span> <span class='ocrx_word' id='word_1_29' title='bbox 1126 503 1283 561; x_wconf 72' lang='lat' dir='ltr'><em>Alexander</em></span> 
     </span>
     <span class='ocr_line' id='line_1_5' title="bbox 295 577 1284 658; baseline 0.003 -20"><span class='ocrx_word' id='word_1_30' title='bbox 295 585 428 653; x_wconf 70' lang='lat' dir='ltr'>Newelus,</span> <span class='ocrx_word' id='word_1_31' title='bbox 448 583 568 637; x_wconf 71' lang='lat' dir='ltr'>Paulina</span> <span class='ocrx_word' id='word_1_32' title='bbox 592 577 724 640; x_wconf 74' lang='lat' dir='ltr'>Ecclesie</span> <span class='ocrx_word' id='word_1_33' title='bbox 751 578 933 658; x_wconf 80' lang='lat' dir='ltr'>dignisfimus</span> <span class='ocrx_word' id='word_1_34' title='bbox 957 580 1103 642; x_wconf 85' lang='lat' dir='ltr'>Decanut.</span> <span class='ocrx_word' id='word_1_35' title='bbox 1129 581 1183 658; x_wconf 85' lang='lat' dir='ltr'>qui</span> <span class='ocrx_word' id='word_1_36' title='bbox 1207 599 1284 656; x_wconf 84' lang='lat' dir='ltr'>eum</span> 
     </span>
     <span class='ocr_line' id='line_1_6' title="bbox 291 655 1282 736; baseline -0.002 -16"><span class='ocrx_word' id='word_1_37' title='bbox 291 658 507 731; x_wconf 69' lang='lat' dir='ltr'>consolabatur,</span> <span class='ocrx_word' id='word_1_38' title='bbox 526 657 579 735; x_wconf 84' lang='lat' dir='ltr'>qui</span> <span class='ocrx_word' id='word_1_39' title='bbox 604 659 651 736; x_wconf 88' lang='lat' dir='ltr'>pie</span> <span class='ocrx_word' id='word_1_40' title='bbox 676 657 707 717; x_wconf 79' lang='grc' dir='ltr'>δε</span> <span class='ocrx_word' id='word_1_41' title='bbox 729 655 823 717; x_wconf 75' lang='lat' dir='ltr'>sanste</span> <span class='ocrx_word' id='word_1_42' title='bbox 846 655 1044 718; x_wconf 85' lang='lat' dir='ltr'>saluberrimis</span> <span class='ocrx_word' id='word_1_43' title='bbox 1053 658 1160 731; x_wconf 84' lang='lat' dir='ltr'>verbis,</span> <span class='ocrx_word' id='word_1_44' title='bbox 1186 655 1282 731; x_wconf 78' lang='lat' dir='ltr'>hujus</span> 
     </span>
     <span class='ocr_line' id='line_1_7' title="bbox 292 733 1282 814; baseline -0.008 -18"><span class='ocrx_word' id='word_1_45' title='bbox 292 739 363 798; x_wconf 78' lang='lat' dir='ltr'>vitae</span> <span class='ocrx_word' id='word_1_46' title='bbox 375 737 469 809; x_wconf 77' lang='lat' dir='ltr'>taedia,</span> <span class='ocrx_word' id='word_1_47' title='bbox 484 735 572 811; x_wconf 85' lang='lat' dir='ltr'>hujus</span> <span class='ocrx_word' id='word_1_48' title='bbox 584 733 690 795; x_wconf 88' lang='lat' dir='ltr'>mundi</span> <span class='ocrx_word' id='word_1_49' title='bbox 702 734 829 796; x_wconf 77' lang='lat' dir='ltr'>miserias</span> <span class='ocrx_word' id='word_1_50' title='bbox 841 751 906 795; x_wconf 87' lang='lat' dir='ltr'>ante</span> <span class='ocrx_word' id='word_1_51' title='bbox 917 737 1023 797; x_wconf 84' lang='lat' dir='ltr'>oculos</span> <span class='ocrx_word' id='word_1_52' title='bbox 1034 735 1141 814; x_wconf 88' lang='lat' dir='ltr'>posuit,</span> <span class='ocrx_word' id='word_1_53' title='bbox 1155 735 1184 795; x_wconf 79' lang='grc' dir='ltr'>δι</span> <span class='ocrx_word' id='word_1_54' title='bbox 1197 735 1282 796; x_wconf 90' lang='lat' dir='ltr'>divi.</span> 
     </span>
     <span class='ocr_line' id='line_1_8' title="bbox 291 810 1282 893; baseline -0.001 -18"><span class='ocrx_word' id='word_1_55' title='bbox 291 813 416 875; x_wconf 79' lang='lat' dir='ltr'>nissimis</span> <span class='ocrx_word' id='word_1_56' title='bbox 440 814 519 874; x_wconf 83' lang='lat' dir='ltr'>sonis</span> <span class='ocrx_word' id='word_1_57' title='bbox 545 815 672 874; x_wconf 81' lang='lat' dir='ltr'>animam</span> <span class='ocrx_word' id='word_1_58' title='bbox 694 813 794 891; x_wconf 88' lang='lat' dir='ltr'>pavit:</span> <span class='ocrx_word' id='word_1_59' title='bbox 814 813 857 872; x_wconf 89' lang='lat' dir='ltr'>Ita</span> <span class='ocrx_word' id='word_1_60' title='bbox 869 830 905 874; x_wconf 93' lang='lat' dir='ltr'>ut</span> <span class='ocrx_word' id='word_1_61' title='bbox 917 810 982 893; x_wconf 91' lang='lat' dir='ltr'>post</span> <span class='ocrx_word' id='word_1_62' title='bbox 1006 815 1087 876; x_wconf 83' lang='lat' dir='ltr'>illius</span> <span class='ocrx_word' id='word_1_63' title='bbox 1110 811 1282 874; x_wconf 76' lang='lat' dir='ltr'>sanetiffimi</span> 
     </span>
     <span class='ocr_line' id='line_1_9' title="bbox 289 887 1283 970; baseline 0 -19"><span class='ocrx_word' id='word_1_64' title='bbox 289 892 351 953; x_wconf 88' lang='lat' dir='ltr'>viri</span> <span class='ocrx_word' id='word_1_65' title='bbox 370 892 405 951; x_wconf 91' lang='lat' dir='ltr'>ab</span> <span class='ocrx_word' id='word_1_66' title='bbox 417 888 625 963; x_wconf 82' lang='lat' dir='ltr'>eodiscessum,</span> <span class='ocrx_word' id='word_1_67' title='bbox 643 897 756 965; x_wconf 83' lang='lat' dir='ltr'>Regerae</span> <span class='ocrx_word' id='word_1_68' title='bbox 767 887 909 965; x_wconf 80' lang='lat' dir='ltr'>Aseleamue</span> <span class='ocrx_word' id='word_1_69' title='bbox 922 911 991 952; x_wconf 90' lang='lat' dir='ltr'>cum</span> <span class='ocrx_word' id='word_1_70' title='bbox 1013 891 1137 970; x_wconf 86' lang='lat' dir='ltr'>quadam</span> <span class='ocrx_word' id='word_1_71' title='bbox 1163 893 1283 951; x_wconf 83' lang='lat' dir='ltr'>exulta-</span> 
     </span>
     <span class='ocr_line' id='line_1_10' title="bbox 289 968 1281 1046; baseline 0 -16"><span class='ocrx_word' id='word_1_72' title='bbox 289 971 373 1032; x_wconf 87' lang='lat' dir='ltr'>tione</span> <span class='ocrx_word' id='word_1_73' title='bbox 382 968 563 1046; x_wconf 75' lang='lat' dir='ltr'>predicabat,</span> <span class='ocrx_word' id='word_1_74' title='bbox 583 969 764 1044; x_wconf 71' lang='lat' dir='ltr'>Alexandrum</span> <span class='ocrx_word' id='word_1_75' title='bbox 777 971 926 1042; x_wconf 69' lang='lat' dir='ltr'>Nouellum,</span> <span class='ocrx_word' id='word_1_76' title='bbox 945 970 1031 1046; x_wconf 90' lang='lat' dir='ltr'>pium</span> <span class='ocrx_word' id='word_1_77' title='bbox 1049 969 1211 1042; x_wconf 89' lang='lat' dir='ltr'>hominem,</span> <span class='ocrx_word' id='word_1_78' title='bbox 1228 969 1281 1030; x_wconf 85' lang='lat' dir='ltr'>irt-</span> 
     </span>
     <span class='ocr_line' id='line_1_11' title="bbox 289 1047 1281 1124; baseline 0 -16"><span class='ocrx_word' id='word_1_79' title='bbox 289 1050 454 1124; x_wconf 69' lang='lat' dir='ltr'>tegcrrimae</span> <span class='ocrx_word' id='word_1_80' title='bbox 475 1047 545 1107; x_wconf 79' lang='lat' dir='ltr'>vitae</span> <span class='ocrx_word' id='word_1_81' title='bbox 568 1047 678 1121; x_wconf 88' lang='lat' dir='ltr'>virum,</span> <span class='ocrx_word' id='word_1_82' title='bbox 696 1047 824 1106; x_wconf 84' lang='lat' dir='ltr'>animam</span> <span class='ocrx_word' id='word_1_83' title='bbox 846 1047 927 1107; x_wconf 86' lang='lat' dir='ltr'>suam</span> <span class='ocrx_word' id='word_1_84' title='bbox 957 1065 1110 1124; x_wconf 84' lang='lat' dir='ltr'>nunquam</span> <span class='ocrx_word' id='word_1_85' title='bbox 1135 1047 1281 1124; x_wconf 81' lang='lat' dir='ltr'>petituris</span> 
     </span>
     <span class='ocr_line' id='line_1_12' title="bbox 290 1121 1278 1204; baseline -0.002 -18"><span class='ocrx_word' id='word_1_86' title='bbox 290 1127 367 1186; x_wconf 86' lang='lat' dir='ltr'>cibis</span> <span class='ocrx_word' id='word_1_87' title='bbox 380 1121 493 1204; x_wconf 83' lang='lat' dir='ltr'>pavisse.</span> <span class='ocrx_word' id='word_1_88' title='bbox 532 1123 633 1202; x_wconf 79' lang='lat' dir='ltr'>Coepit</span> <span class='ocrx_word' id='word_1_89' title='bbox 658 1124 780 1186; x_wconf 84' lang='lat' dir='ltr'>morbus</span> <span class='ocrx_word' id='word_1_90' title='bbox 802 1126 894 1202; x_wconf 80' lang='lat' dir='ltr'>magis</span> <span class='ocrx_word' id='word_1_91' title='bbox 907 1144 940 1185; x_wconf 87' lang='lat' dir='ltr'>ac</span> <span class='ocrx_word' id='word_1_92' title='bbox 954 1127 1048 1202; x_wconf 82' lang='lat' dir='ltr'>magis</span> <span class='ocrx_word' id='word_1_93' title='bbox 1057 1143 1126 1186; x_wconf 89' lang='lat' dir='ltr'>eum</span> <span class='ocrx_word' id='word_1_94' title='bbox 1138 1123 1278 1201; x_wconf 82' lang='lat' dir='ltr'>affligere,</span> 
     </span>
     <span class='ocr_line' id='line_1_13' title="bbox 290 1199 1278 1280; baseline 0.002 -18"><span class='ocrx_word' id='word_1_95' title='bbox 290 1205 375 1263; x_wconf 88' lang='lat' dir='ltr'>nullo</span> <span class='ocrx_word' id='word_1_96' title='bbox 389 1221 520 1280; x_wconf 85' lang='lat' dir='ltr'>tempore</span> <span class='ocrx_word' id='word_1_97' title='bbox 543 1202 691 1279; x_wconf 86' lang='lat' dir='ltr'>quiescere</span> <span class='ocrx_word' id='word_1_98' title='bbox 704 1217 754 1262; x_wconf 92' lang='lat' dir='ltr'>aut</span> <span class='ocrx_word' id='word_1_99' title='bbox 766 1199 895 1262; x_wconf 87' lang='lat' dir='ltr'>dormire</span> <span class='ocrx_word' id='word_1_100' title='bbox 908 1203 1043 1278; x_wconf 85' lang='lat' dir='ltr'>permisit.</span> <span class='ocrx_word' id='word_1_101' title='bbox 1082 1203 1278 1264; x_wconf 81' lang='lat' dir='ltr'>Famulorum</span> 
     </span>
     <span class='ocr_line' id='line_1_14' title="bbox 289 1279 1280 1358; baseline 0 -19"><span class='ocrx_word' id='word_1_102' title='bbox 289 1282 425 1342; x_wconf 83' lang='lat' dir='ltr'>manibus</span> <span class='ocrx_word' id='word_1_103' title='bbox 446 1299 659 1358; x_wconf 86' lang='lat' dir='ltr'>nonnunquam</span> <span class='ocrx_word' id='word_1_104' title='bbox 672 1279 787 1340; x_wconf 92' lang='lat' dir='ltr'>sursum</span> <span class='ocrx_word' id='word_1_105' title='bbox 808 1279 945 1340; x_wconf 89' lang='lat' dir='ltr'>deorsum</span> <span class='ocrx_word' id='word_1_106' title='bbox 966 1281 1122 1351; x_wconf 86' lang='lat' dir='ltr'>ferebatur,</span> <span class='ocrx_word' id='word_1_107' title='bbox 1141 1281 1172 1340; x_wconf 76' lang='grc' dir='ltr'>δι</span> <span class='ocrx_word' id='word_1_108' title='bbox 1184 1298 1280 1340; x_wconf 83' lang='lat' dir='ltr'>cuna·</span> 
     </span>
     <span class='ocr_line' id='line_1_15' title="bbox 290 1355 1278 1440; baseline 0.004 -24"><span class='ocrx_word' id='word_1_109' title='bbox 290 1357 390 1433; x_wconf 88' lang='lat' dir='ltr'>bulis,</span> <span class='ocrx_word' id='word_1_110' title='bbox 421 1356 456 1417; x_wconf 91' lang='lat' dir='ltr'>ad</span> <span class='ocrx_word' id='word_1_111' title='bbox 504 1357 704 1418; x_wconf 87' lang='lat' dir='ltr'>rovocandum</span> <span class='ocrx_word' id='word_1_112' title='bbox 729 1355 865 1419; x_wconf 90' lang='lat' dir='ltr'>somnum</span> <span class='ocrx_word' id='word_1_113' title='bbox 895 1359 1079 1440; x_wconf 69' lang='lat' dir='ltr'>preparatis,</span> <span class='ocrx_word' id='word_1_114' title='bbox 1112 1357 1278 1420; x_wconf 79' lang='lat' dir='ltr'>infantium</span> 
     </span>
     <span class='ocr_line' id='line_1_16' title="bbox 288 1379 1276 1497; baseline 0.002 -2"><span class='ocrx_word' id='word_1_115' title='bbox 288 1456 372 1497; x_wconf 85' lang='lat' dir='ltr'>more</span> <span class='ocrx_word' id='word_1_116' title='bbox 396 1379 579 1497; x_wconf 79' lang='lat' dir='ltr'>volvebatur.</span> <span class='ocrx_word' id='word_1_117' title='bbox 617 1433 672 1494; x_wconf 83' lang='lat' dir='ltr'>Sed</span> <span class='ocrx_word' id='word_1_118' title='bbox 693 1433 753 1494; x_wconf 84' lang='lat' dir='ltr'>haec</span> <span class='ocrx_word' id='word_1_119' title='bbox 777 1433 915 1496; x_wconf 91' lang='lat' dir='ltr'>somnum</span> <span class='ocrx_word' id='word_1_120' title='bbox 937 1439 1033 1496; x_wconf 91' lang='lat' dir='ltr'>oculis</span> <span class='ocrx_word' id='word_1_121' title='bbox 1057 1434 1195 1496; x_wconf 87' lang='lat' dir='ltr'>inducere</span> <span class='ocrx_word' id='word_1_122' title='bbox 1206 1455 1276 1497; x_wconf 86' lang='lat' dir='ltr'>non</span> 
     </span>
     <span class='ocr_line' id='line_1_17' title="bbox 287 1512 1276 1591; baseline -0.006 -17"><span class='ocrx_word' id='word_1_123' title='bbox 287 1532 459 1591; x_wconf 89' lang='lat' dir='ltr'>potuerunt.</span> <span class='ocrx_word' id='word_1_124' title='bbox 498 1514 591 1573; x_wconf 88' lang='lat' dir='ltr'>Felici</span> <span class='ocrx_word' id='word_1_125' title='bbox 613 1512 754 1572; x_wconf 87' lang='lat' dir='ltr'>memoria</span> <span class='ocrx_word' id='word_1_126' title='bbox 771 1514 864 1573; x_wconf 89' lang='lat' dir='ltr'>multa</span> <span class='ocrx_word' id='word_1_127' title='bbox 889 1514 1036 1590; x_wconf 77' lang='lat' dir='ltr'>repetebat</span> <span class='ocrx_word' id='word_1_128' title='bbox 1060 1514 1276 1574; x_wconf 85' lang='lat' dir='ltr'>eidemcolcn.</span> 
     </span>
     <span class='ocr_line' id='line_1_18' title="bbox 285 1587 1274 1668; baseline 0.003 -18"><span class='ocrx_word' id='word_1_129' title='bbox 285 1591 398 1652; x_wconf 88' lang='lat' dir='ltr'>dissrmo</span> <span class='ocrx_word' id='word_1_130' title='bbox 413 1591 541 1662; x_wconf 83' lang='lat' dir='ltr'>Decano,</span> <span class='ocrx_word' id='word_1_131' title='bbox 554 1590 676 1668; x_wconf 85' lang='lat' dir='ltr'>aliisque</span> <span class='ocrx_word' id='word_1_132' title='bbox 688 1587 864 1652; x_wconf 82' lang='lat' dir='ltr'>adstantibus</span> <span class='ocrx_word' id='word_1_133' title='bbox 873 1592 976 1652; x_wconf 78' lang='lat' dir='ltr'>amicis</span> <span class='ocrx_word' id='word_1_134' title='bbox 987 1592 1131 1652; x_wconf 82' lang='lat' dir='ltr'>divinitus</span> <span class='ocrx_word' id='word_1_135' title='bbox 1142 1590 1179 1650; x_wconf 90' lang='lat' dir='ltr'>de</span> <span class='ocrx_word' id='word_1_136' title='bbox 1191 1590 1274 1665; x_wconf 85' lang='lat' dir='ltr'>Deo,</span> 
     </span>
     <span class='ocr_line' id='line_1_19' title="bbox 285 1667 1276 1745; baseline 0.002 -16"><span class='ocrx_word' id='word_1_137' title='bbox 285 1671 393 1745; x_wconf 78' lang='lat' dir='ltr'>&amp;ejus</span> <span class='ocrx_word' id='word_1_138' title='bbox 407 1668 615 1739; x_wconf 87' lang='lat' dir='ltr'>misericordia,</span> <span class='ocrx_word' id='word_1_139' title='bbox 639 1688 745 1740; x_wconf 88' lang='lat' dir='ltr'>amore,</span> <span class='ocrx_word' id='word_1_140' title='bbox 768 1667 914 1729; x_wconf 86' lang='lat' dir='ltr'>benificiis</span> <span class='ocrx_word' id='word_1_141' title='bbox 934 1671 965 1728; x_wconf 91' lang='lat' dir='ltr'>in</span> <span class='ocrx_word' id='word_1_142' title='bbox 989 1669 1150 1729; x_wconf 87' lang='lat' dir='ltr'>humanum</span> <span class='ocrx_word' id='word_1_143' title='bbox 1196 1689 1276 1733; x_wconf 73' lang='lat' dir='ltr'>enus</span> 
     </span>
     <span class='ocr_line' id='line_1_20' title="bbox 284 1687 1275 1827; baseline 0.002 -21"><span class='ocrx_word' id='word_1_144' title='bbox 284 1749 446 1807; x_wconf 86' lang='lat' dir='ltr'>collocatis.</span> <span class='ocrx_word' id='word_1_145' title='bbox 485 1749 523 1806; x_wconf 87' lang='lat' dir='ltr'>Et</span> <span class='ocrx_word' id='word_1_146' title='bbox 535 1748 600 1822; x_wconf 87' lang='lat' dir='ltr'>quis</span> <span class='ocrx_word' id='word_1_147' title='bbox 612 1762 677 1806; x_wconf 92' lang='lat' dir='ltr'>tum</span> <span class='ocrx_word' id='word_1_148' title='bbox 689 1744 824 1827; x_wconf 58' lang='lat' dir='ltr'>sandius,</span> <span class='ocrx_word' id='word_1_149' title='bbox 838 1748 906 1824; x_wconf 89' lang='lat' dir='ltr'>quis</span> <span class='ocrx_word' id='word_1_150' title='bbox 917 1745 1057 1819; x_wconf 84' lang='lat' dir='ltr'>divinius,</span> <span class='ocrx_word' id='word_1_151' title='bbox 1070 1749 1137 1825; x_wconf 85' lang='lat' dir='ltr'>quis</span> <span class='ocrx_word' id='word_1_152' title='bbox 1147 1687 1275 1808; x_wconf 75' lang='lat' dir='ltr'>cirisi-</span> 
     </span>
     <span class='ocr_line' id='line_1_21' title="bbox 287 1822 1274 1903; baseline 0.003 -22"><span class='ocrx_word' id='word_1_153' title='bbox 287 1825 370 1885; x_wconf 86' lang='lat' dir='ltr'>arrius</span> <span class='ocrx_word' id='word_1_154' title='bbox 392 1825 476 1901; x_wconf 88' lang='lat' dir='ltr'>loqui</span> <span class='ocrx_word' id='word_1_155' title='bbox 503 1843 553 1883; x_wconf 82' lang='lat' dir='ltr'>aut</span> <span class='ocrx_word' id='word_1_156' title='bbox 575 1825 702 1903; x_wconf 83' lang='lat' dir='ltr'>cogitare</span> <span class='ocrx_word' id='word_1_157' title='bbox 718 1825 870 1898; x_wconf 89' lang='lat' dir='ltr'>potuerit?</span> <span class='ocrx_word' id='word_1_158' title='bbox 889 1823 983 1883; x_wconf 86' lang='lat' dir='ltr'>Valde</span> <span class='ocrx_word' id='word_1_159' title='bbox 994 1824 1069 1884; x_wconf 91' lang='lat' dir='ltr'>illud</span> <span class='ocrx_word' id='word_1_160' title='bbox 1084 1822 1157 1884; x_wconf 90' lang='lat' dir='ltr'>mihi</span> <span class='ocrx_word' id='word_1_161' title='bbox 1170 1824 1274 1884; x_wconf 84' lang='lat' dir='ltr'>lauda-</span> 
     </span>
     <span class='ocr_line' id='line_1_22' title="bbox 284 1899 1271 1977; baseline 0.003 -19"><span class='ocrx_word' id='word_1_162' title='bbox 284 1902 343 1974; x_wconf 79' lang='lat' dir='ltr'>bile</span> <span class='ocrx_word' id='word_1_163' title='bbox 355 1901 481 1974; x_wconf 87' lang='lat' dir='ltr'>videtur,</span> <span class='ocrx_word' id='word_1_164' title='bbox 493 1900 572 1977; x_wconf 87' lang='lat' dir='ltr'>quod</span> <span class='ocrx_word' id='word_1_165' title='bbox 586 1901 623 1960; x_wconf 89' lang='lat' dir='ltr'>de</span> <span class='ocrx_word' id='word_1_166' title='bbox 635 1922 670 1962; x_wconf 87' lang='lat' dir='ltr'>eo</span> <span class='ocrx_word' id='word_1_167' title='bbox 684 1901 762 1960; x_wconf 83' lang='lat' dir='ltr'>idem</span> <span class='ocrx_word' id='word_1_168' title='bbox 774 1901 820 1961; x_wconf 88' lang='lat' dir='ltr'>vir</span> <span class='ocrx_word' id='word_1_169' title='bbox 830 1899 1016 1962; x_wconf 72' lang='lat' dir='ltr'>sanstissimus</span> <span class='ocrx_word' id='word_1_170' title='bbox 1032 1903 1271 1960; x_wconf 74' lang='lat' dir='ltr'>AlexanderNo‘aa-</span> 
     </span>
     <span class='ocr_line' id='line_1_23' title="bbox 282 1976 1269 2057; baseline 0.008 -23"><span class='ocrx_word' id='word_1_171' title='bbox 282 1983 343 2035; x_wconf 75' lang='lat' dir='ltr'>elea</span> <span class='ocrx_word' id='word_1_172' title='bbox 354 1995 582 2040; x_wconf 86' lang='lat' dir='ltr'>commemorat:</span> <span class='ocrx_word' id='word_1_173' title='bbox 603 1979 631 2038; x_wconf 87' lang='lat' dir='ltr'>se</span> <span class='ocrx_word' id='word_1_174' title='bbox 650 1999 802 2057; x_wconf 83' lang='lat' dir='ltr'>nunquam</span> <span class='ocrx_word' id='word_1_175' title='bbox 826 1976 929 2038; x_wconf 86' lang='lat' dir='ltr'>vidisse</span> <span class='ocrx_word' id='word_1_176' title='bbox 942 1996 992 2039; x_wconf 85' lang='lat' dir='ltr'>aut</span> <span class='ocrx_word' id='word_1_177' title='bbox 1016 1977 1153 2040; x_wconf 82' lang='lat' dir='ltr'>audivisse</span> <span class='ocrx_word' id='word_1_178' title='bbox 1166 1981 1269 2042; x_wconf 88' lang='lat' dir='ltr'>ullum</span> 
     </span>
     <span class='ocr_line' id='line_1_24' title="bbox 284 2053 1267 2133; baseline 0.008 -20"><span class='ocrx_word' id='word_1_179' title='bbox 284 2055 434 2117; x_wconf 85' lang='lat' dir='ltr'>bominem</span> <span class='ocrx_word' id='word_1_180' title='bbox 446 2074 496 2118; x_wconf 91' lang='lat' dir='ltr'>aut</span> <span class='ocrx_word' id='word_1_181' title='bbox 508 2053 656 2118; x_wconf 80' lang='lat' dir='ltr'>honestius</span> <span class='ocrx_word' id='word_1_182' title='bbox 682 2053 791 2128; x_wconf 82' lang='lat' dir='ltr'>vixisse,</span> <span class='ocrx_word' id='word_1_183' title='bbox 821 2074 871 2116; x_wconf 86' lang='lat' dir='ltr'>aut</span> <span class='ocrx_word' id='word_1_184' title='bbox 883 2055 1033 2133; x_wconf 78' lang='lat' dir='ltr'>exspirasse</span> <span class='ocrx_word' id='word_1_185' title='bbox 1059 2055 1267 2121; x_wconf 79' lang='lat' dir='ltr'>christianius.</span> 
     </span>
     <span class='ocr_line' id='line_1_25' title="bbox 281 2134 1269 2212; baseline 0.005 -19"><span class='ocrx_word' id='word_1_186' title='bbox 281 2135 376 2208; x_wconf 80' lang='lat' dir='ltr'>Cujus</span> <span class='ocrx_word' id='word_1_187' title='bbox 387 2135 482 2195; x_wconf 80' lang='lat' dir='ltr'>verbis</span> <span class='ocrx_word' id='word_1_188' title='bbox 496 2134 524 2195; x_wconf 73' lang='grc' dir='ltr'>ἃ</span> <span class='ocrx_word' id='word_1_189' title='bbox 538 2134 604 2194; x_wconf 84' lang='lat' dir='ltr'>fidei</span> <span class='ocrx_word' id='word_1_190' title='bbox 617 2155 673 2212; x_wconf 85' lang='lat' dir='ltr'>ego</span> <span class='ocrx_word' id='word_1_191' title='bbox 685 2149 801 2196; x_wconf 86' lang='lat' dir='ltr'>tantum</span> <span class='ocrx_word' id='word_1_192' title='bbox 813 2135 923 2207; x_wconf 88' lang='lat' dir='ltr'>tribuo,</span> <span class='ocrx_word' id='word_1_193' title='bbox 945 2151 980 2194; x_wconf 92' lang='lat' dir='ltr'>ut</span> <span class='ocrx_word' id='word_1_194' title='bbox 991 2151 1094 2212; x_wconf 89' lang='lat' dir='ltr'>putem</span> <span class='ocrx_word' id='word_1_195' title='bbox 1107 2135 1194 2196; x_wconf 89' lang='lat' dir='ltr'>illum</span> <span class='ocrx_word' id='word_1_196' title='bbox 1209 2155 1269 2198; x_wconf 85' lang='lat' dir='ltr'>nec</span> 
     </span>
     <span class='ocr_line' id='line_1_26' title="bbox 280 2211 1270 2291; baseline 0.003 -20"><span class='ocrx_word' id='word_1_197' title='bbox 280 2211 368 2288; x_wconf 86' lang='lat' dir='ltr'>posse,</span> <span class='ocrx_word' id='word_1_198' title='bbox 382 2230 501 2290; x_wconf 87' lang='lat' dir='ltr'>propter</span> <span class='ocrx_word' id='word_1_199' title='bbox 514 2215 661 2291; x_wconf 87' lang='lat' dir='ltr'>pietatem,</span> <span class='ocrx_word' id='word_1_200' title='bbox 685 2212 805 2290; x_wconf 86' lang='lat' dir='ltr'>fingere,</span> <span class='ocrx_word' id='word_1_201' title='bbox 832 2232 887 2272; x_wconf 88' lang='lat' dir='ltr'>nec</span> <span class='ocrx_word' id='word_1_202' title='bbox 902 2215 988 2284; x_wconf 85' lang='lat' dir='ltr'>velle,</span> <span class='ocrx_word' id='word_1_203' title='bbox 1007 2231 1125 2290; x_wconf 89' lang='lat' dir='ltr'>propter</span> <span class='ocrx_word' id='word_1_204' title='bbox 1139 2212 1270 2288; x_wconf 91' lang='lat' dir='ltr'>pruden-</span> 
     </span>
     <span class='ocr_line' id='line_1_27' title="bbox 277 2289 1267 2367; baseline 0.004 -19"><span class='ocrx_word' id='word_1_205' title='bbox 277 2291 350 2348; x_wconf 86' lang='lat' dir='ltr'>tiam</span> <span class='ocrx_word' id='word_1_206' title='bbox 361 2292 390 2351; x_wconf 88' lang='lat'>&amp;</span> <span class='ocrx_word' id='word_1_207' title='bbox 405 2292 607 2367; x_wconf 80' lang='lat' dir='ltr'>integritatem,</span> <span class='ocrx_word' id='word_1_208' title='bbox 619 2291 674 2350; x_wconf 89' lang='lat' dir='ltr'>nisi</span> <span class='ocrx_word' id='word_1_209' title='bbox 688 2289 825 2350; x_wconf 78' lang='lat' dir='ltr'>verissima</span> <span class='ocrx_word' id='word_1_210' title='bbox 853 2309 905 2366; x_wconf 90' lang='lat' dir='ltr'>pro</span> <span class='ocrx_word' id='word_1_211' title='bbox 918 2307 998 2350; x_wconf 81' lang='lat' dir='ltr'>certo</span> <span class='ocrx_word' id='word_1_212' title='bbox 1008 2289 1156 2350; x_wconf 85' lang='lat' dir='ltr'>affirmare.</span> <span class='ocrx_word' id='word_1_213' title='bbox 1191 2291 1267 2354; x_wconf 87' lang='lat' dir='ltr'>Fuit</span> 
     </span>
     <span class='ocr_line' id='line_1_28' title="bbox 278 2366 1265 2447; baseline 0.003 -21"><span class='ocrx_word' id='word_1_214' title='bbox 278 2367 361 2426; x_wconf 85' lang='lat' dir='ltr'>&#39;enim</span> <span class='ocrx_word' id='word_1_215' title='bbox 374 2375 468 2442; x_wconf 73' lang='lat' dir='ltr'>Regeri</span> <span class='ocrx_word' id='word_1_216' title='bbox 484 2367 619 2441; x_wconf 65' lang='lat' dir='ltr'>Asa-hami,</span> <span class='ocrx_word' id='word_1_217' title='bbox 644 2371 713 2427; x_wconf 79' lang='lat' dir='ltr'>vitae</span> <span class='ocrx_word' id='word_1_218' title='bbox 726 2387 902 2444; x_wconf 91' lang='lat' dir='ltr'>morumque</span> <span class='ocrx_word' id='word_1_219' title='bbox 915 2366 995 2427; x_wconf 86' lang='lat' dir='ltr'>testis</span> <span class='ocrx_word' id='word_1_220' title='bbox 1008 2367 1265 2447; x_wconf 81' lang='lat' dir='ltr'>locupletissimus,</span> 
     </span>
     <span class='ocr_line' id='line_1_29' title="bbox 278 2443 1266 2520; baseline 0.005 -19"><span class='ocrx_word' id='word_1_221' title='bbox 278 2444 391 2505; x_wconf 89' lang='lat' dir='ltr'>summa</span> <span class='ocrx_word' id='word_1_222' title='bbox 413 2447 608 2506; x_wconf 74' lang='lat' dir='ltr'>familiaritate</span> <span class='ocrx_word' id='word_1_223' title='bbox 618 2448 645 2504; x_wconf 91' lang='lat' dir='ltr'>ei</span> <span class='ocrx_word' id='word_1_224' title='bbox 661 2443 921 2520; x_wconf 75' lang='lat' dir='ltr'>conjunsiiffimus,</span> <span class='ocrx_word' id='word_1_225' title='bbox 941 2449 1046 2506; x_wconf 84' lang='lat' dir='ltr'>mortis</span> <span class='ocrx_word' id='word_1_226' title='bbox 1061 2448 1148 2506; x_wconf 83' lang='lat' dir='ltr'>ctiam</span> <span class='ocrx_word' id='word_1_227' title='bbox 1161 2448 1266 2506; x_wconf 85' lang='lat' dir='ltr'>ocula·</span> 
     </span>
    </p>
   </div>
   <div class='ocr_carea' id='block_1_3' title="bbox 278 2520 1267 2668">
    <p class='ocr_par' dir='ltr' id='par_1_3' title="bbox 278 2520 1267 2668">
     <span class='ocr_line' id='line_1_30' title="bbox 278 2520 1267 2668; baseline 0.004 -88"><span class='ocrx_word' id='word_1_228' title='bbox 278 2520 501 2584; x_wconf 82' lang='lat' dir='ltr'>rissnnustesiis.</span> <span class='ocrx_word' id='word_1_229' title='bbox 523 2521 639 2668; x_wconf 46' lang='lat' dir='ltr'>mea</span> <span class='ocrx_word' id='word_1_230' title='bbox 661 2525 746 2582; x_wconf 89' lang='lat' dir='ltr'>uxori</span> <span class='ocrx_word' id='word_1_231' title='bbox 762 2523 984 2583; x_wconf 87' lang='lat' dir='ltr'>commendabat</span> <span class='ocrx_word' id='word_1_232' title='bbox 997 2523 1047 2582; x_wconf 86' lang='lat' dir='ltr'>sua</span> <span class='ocrx_word' id='word_1_233' title='bbox 1067 2527 1175 2594; x_wconf 86' lang='lat' dir='ltr'>omnia,</span> <span class='ocrx_word' id='word_1_234' title='bbox 1200 2544 1267 2584; x_wconf 84' lang='lat' dir='ltr'>ma-</span> 
     </span>
    </p>
   </div>
   <div class='ocr_carea' id='block_1_4' title="bbox 260 2600 1265 3829">
    <p class='ocr_par' dir='ltr' id='par_1_4' title="bbox 260 2600 1265 3763">
     <span class='ocr_line' id='line_1_31' title="bbox 275 2600 1265 2678; baseline 0.006 -20"><span class='ocrx_word' id='word_1_235' title='bbox 275 2600 355 2660; x_wconf 80' lang='lat' dir='ltr'>xime</span> <span class='ocrx_word' id='word_1_236' title='bbox 379 2623 449 2661; x_wconf 90' lang='lat' dir='ltr'>vero</span> <span class='ocrx_word' id='word_1_237' title='bbox 470 2601 520 2660; x_wconf 86' lang='lat' dir='ltr'>sua</span> <span class='ocrx_word' id='word_1_238' title='bbox 574 2621 648 2661; x_wconf 88' lang='lat' dir='ltr'>rmos</span> <span class='ocrx_word' id='word_1_239' title='bbox 673 2602 795 2660; x_wconf 86' lang='lat' dir='ltr'>liberos.</span> <span class='ocrx_word' id='word_1_240' title='bbox 827 2601 944 2676; x_wconf 78' lang='lat' dir='ltr'>rogabat</span> <span class='ocrx_word' id='word_1_241' title='bbox 961 2621 996 2661; x_wconf 91' lang='lat' dir='ltr'>ut</span> <span class='ocrx_word' id='word_1_242' title='bbox 1008 2621 1061 2678; x_wconf 87' lang='lat' dir='ltr'>pro</span> <span class='ocrx_word' id='word_1_243' title='bbox 1073 2601 1126 2660; x_wconf 94' lang='lat' dir='ltr'>suo</span> <span class='ocrx_word' id='word_1_244' title='bbox 1139 2602 1265 2664; x_wconf 90' lang='lat' dir='ltr'>arbitrio</span> 
     </span>
     <span class='ocr_line' id='line_1_32' title="bbox 274 2678 1264 2758; baseline 0.001 -25"><span class='ocrx_word' id='word_1_245' title='bbox 274 2681 374 2738; x_wconf 85' lang='lat' dir='ltr'>omnia</span> <span class='ocrx_word' id='word_1_246' title='bbox 395 2679 541 2758; x_wconf 77' lang='lat' dir='ltr'>dirigeret,</span> <span class='ocrx_word' id='word_1_247' title='bbox 563 2697 599 2738; x_wconf 92' lang='lat' dir='ltr'>ut</span> <span class='ocrx_word' id='word_1_248' title='bbox 612 2694 742 2738; x_wconf 88' lang='lat' dir='ltr'>materno</span> <span class='ocrx_word' id='word_1_249' title='bbox 766 2681 865 2737; x_wconf 86' lang='lat' dir='ltr'>animo</span> <span class='ocrx_word' id='word_1_250' title='bbox 889 2698 992 2738; x_wconf 89' lang='lat' dir='ltr'>eorum</span> <span class='ocrx_word' id='word_1_251' title='bbox 1005 2678 1172 2738; x_wconf 85' lang='lat' dir='ltr'>educationi</span> <span class='ocrx_word' id='word_1_252' title='bbox 1188 2699 1264 2740; x_wconf 84' lang='lat' dir='ltr'>con.</span> 
     </span>
     <span class='ocr_line' id='line_1_33' title="bbox 274 2754 1262 2829; baseline 0.004 -16"><span class='ocrx_word' id='word_1_253' title='bbox 274 2754 388 2828; x_wconf 73' lang='lat' dir='ltr'>sulem,</span> <span class='ocrx_word' id='word_1_254' title='bbox 402 2774 437 2815; x_wconf 93' lang='lat' dir='ltr'>ut</span> <span class='ocrx_word' id='word_1_255' title='bbox 449 2759 566 2827; x_wconf 82' lang='lat' dir='ltr'>virtute,</span> <span class='ocrx_word' id='word_1_256' title='bbox 590 2757 704 2828; x_wconf 87' lang='lat' dir='ltr'>pietate,</span> <span class='ocrx_word' id='word_1_257' title='bbox 728 2757 830 2829; x_wconf 85' lang='lat' dir='ltr'>literis,</span> <span class='ocrx_word' id='word_1_258' title='bbox 852 2755 937 2814; x_wconf 85' lang='lat' dir='ltr'>honis</span> <span class='ocrx_word' id='word_1_259' title='bbox 959 2757 1090 2818; x_wconf 87' lang='lat' dir='ltr'>moribus</span> <span class='ocrx_word' id='word_1_260' title='bbox 1102 2754 1262 2817; x_wconf 87' lang='lat' dir='ltr'>instituen-</span> 
     </span>
     <span class='ocr_line' id='line_1_34' title="bbox 273 2832 1262 2907; baseline 0.008 -20"><span class='ocrx_word' id='word_1_261' title='bbox 273 2832 327 2890; x_wconf 87' lang='lat' dir='ltr'>dos</span> <span class='ocrx_word' id='word_1_262' title='bbox 341 2851 462 2893; x_wconf 86' lang='lat' dir='ltr'>curaret.</span> <span class='ocrx_word' id='word_1_263' title='bbox 503 2833 614 2893; x_wconf 86' lang='lat' dir='ltr'>Adfuit</span> <span class='ocrx_word' id='word_1_264' title='bbox 625 2836 713 2893; x_wconf 87' lang='lat' dir='ltr'>etiam</span> <span class='ocrx_word' id='word_1_265' title='bbox 735 2832 806 2892; x_wconf 87' lang='lat' dir='ltr'>huic</span> <span class='ocrx_word' id='word_1_266' title='bbox 832 2833 949 2907; x_wconf 80' lang='lat' dir='ltr'>jamjam</span> <span class='ocrx_word' id='word_1_267' title='bbox 962 2835 1115 2905; x_wconf 90' lang='lat' dir='ltr'>morituro,</span> <span class='ocrx_word' id='word_1_268' title='bbox 1141 2833 1189 2893; x_wconf 87' lang='lat' dir='ltr'>vir</span> <span class='ocrx_word' id='word_1_269' title='bbox 1203 2833 1262 2895; x_wconf 92' lang='lat' dir='ltr'>ho-</span> 
     </span>
     <span class='ocr_line' id='line_1_35' title="bbox 272 2907 1262 2986; baseline -0.003 -20"><span class='ocrx_word' id='word_1_270' title='bbox 272 2909 379 2970; x_wconf 86' lang='lat' dir='ltr'>nestate</span> <span class='ocrx_word' id='word_1_271' title='bbox 393 2911 421 2970; x_wconf 73' lang='grc' dir='ltr'>δε</span> <span class='ocrx_word' id='word_1_272' title='bbox 435 2910 602 2970; x_wconf 84' lang='lat' dir='ltr'>eruditione</span> <span class='ocrx_word' id='word_1_273' title='bbox 616 2907 751 2986; x_wconf 77' lang='lat' dir='ltr'>pressans</span> <span class='ocrx_word' id='word_1_274' title='bbox 773 2911 923 2970; x_wconf 83' lang='lat' dir='ltr'>Dominus</span> <span class='ocrx_word' id='word_1_275' title='bbox 935 2917 1091 2984; x_wconf 73' lang='lat' dir='ltr'>Gra-arettae,</span> <span class='ocrx_word' id='word_1_276' title='bbox 1102 2914 1194 2967; x_wconf 77' lang='lat' dir='ltr'>Sanssi</span> <span class='ocrx_word' id='word_1_277' title='bbox 1213 2919 1262 2971; x_wconf 84' lang='lat' dir='ltr'>Se.</span> 
     </span>
     <span class='ocr_line' id='line_1_36' title="bbox 269 2986 1260 3065; baseline 0.007 -24"><span class='ocrx_word' id='word_1_278' title='bbox 269 2988 373 3059; x_wconf 74' lang='lat' dir='ltr'>pulchre·</span> <span class='ocrx_word' id='word_1_279' title='bbox 393 2987 550 3059; x_wconf 82' lang='lat' dir='ltr'>Vicarius,</span> <span class='ocrx_word' id='word_1_280' title='bbox 570 2990 622 3065; x_wconf 91' lang='lat' dir='ltr'>qui</span> <span class='ocrx_word' id='word_1_281' title='bbox 637 3007 699 3046; x_wconf 87' lang='lat' dir='ltr'>eam</span> <span class='ocrx_word' id='word_1_282' title='bbox 712 2989 751 3046; x_wconf 95' lang='lat' dir='ltr'>ob</span> <span class='ocrx_word' id='word_1_283' title='bbox 764 2986 886 3048; x_wconf 82' lang='lat' dir='ltr'>caussam</span> <span class='ocrx_word' id='word_1_284' title='bbox 900 2990 990 3060; x_wconf 88' lang='lat' dir='ltr'>venit,</span> <span class='ocrx_word' id='word_1_285' title='bbox 1016 3007 1050 3048; x_wconf 91' lang='lat' dir='ltr'>ut</span> <span class='ocrx_word' id='word_1_286' title='bbox 1063 2989 1189 3049; x_wconf 87' lang='lat' dir='ltr'>eundem</span> <span class='ocrx_word' id='word_1_287' title='bbox 1204 2997 1260 3048; x_wconf 84' lang='lat' dir='ltr'>Re-</span> 
     </span>
     <span class='ocr_line' id='line_1_37' title="bbox 265 3065 1256 3142; baseline 0.006 -19"><span class='ocrx_word' id='word_1_288' title='bbox 265 3085 357 3134; x_wconf 70' lang='lat' dir='ltr'>gerrem</span> <span class='ocrx_word' id='word_1_289' title='bbox 372 3068 496 3138; x_wconf 81' lang='lat' dir='ltr'>graviter</span> <span class='ocrx_word' id='word_1_290' title='bbox 519 3083 708 3141; x_wconf 73' lang='lat' dir='ltr'>aegrotantem</span> <span class='ocrx_word' id='word_1_291' title='bbox 723 3066 835 3138; x_wconf 88' lang='lat' dir='ltr'>viseret,</span> <span class='ocrx_word' id='word_1_292' title='bbox 861 3067 1066 3138; x_wconf 83' lang='lat' dir='ltr'>consolaretur,</span> <span class='ocrx_word' id='word_1_293' title='bbox 1093 3065 1256 3142; x_wconf 87' lang='lat' dir='ltr'>officioque</span> 
     </span>
     <span class='ocr_line' id='line_1_38' title="bbox 269 3141 1258 3218; baseline 0.007 -21"><span class='ocrx_word' id='word_1_294' title='bbox 269 3142 295 3198; x_wconf 89' lang='lat' dir='ltr'>ei</span> <span class='ocrx_word' id='word_1_295' title='bbox 311 3141 410 3201; x_wconf 86' lang='lat' dir='ltr'>debito</span> <span class='ocrx_word' id='word_1_296' title='bbox 422 3143 602 3218; x_wconf 81' lang='lat' dir='ltr'>fungeretur.</span> <span class='ocrx_word' id='word_1_297' title='bbox 642 3145 713 3202; x_wconf 90' lang='lat' dir='ltr'>Non</span> <span class='ocrx_word' id='word_1_298' title='bbox 734 3146 812 3211; x_wconf 88' lang='lat' dir='ltr'>veni,</span> <span class='ocrx_word' id='word_1_299' title='bbox 837 3143 945 3218; x_wconf 87' lang='lat' dir='ltr'>inquit,</span> <span class='ocrx_word' id='word_1_300' title='bbox 969 3161 1004 3202; x_wconf 90' lang='lat' dir='ltr'>ut</span> <span class='ocrx_word' id='word_1_301' title='bbox 1017 3161 1046 3202; x_wconf 87' lang='lat' dir='ltr'>te</span> <span class='ocrx_word' id='word_1_302' title='bbox 1059 3143 1179 3204; x_wconf 82' lang='lat' dir='ltr'>doceam</span> <span class='ocrx_word' id='word_1_303' title='bbox 1192 3145 1258 3204; x_wconf 90' lang='lat' dir='ltr'>Do-</span> 
     </span>
     <span class='ocr_line' id='line_1_39' title="bbox 268 3219 1257 3296; baseline 0.008 -20"><span class='ocrx_word' id='word_1_304' title='bbox 268 3220 350 3277; x_wconf 85' lang='lat' dir='ltr'>mine</span> <span class='ocrx_word' id='word_1_305' title='bbox 374 3219 510 3293; x_wconf 74' lang='lat' dir='ltr'>Aselrame,</span> <span class='ocrx_word' id='word_1_306' title='bbox 536 3223 606 3279; x_wconf 89' lang='lat' dir='ltr'>novi</span> <span class='ocrx_word' id='word_1_307' title='bbox 629 3223 708 3279; x_wconf 91' lang='lat' dir='ltr'>enim</span> <span class='ocrx_word' id='word_1_308' title='bbox 721 3237 750 3280; x_wconf 90' lang='lat' dir='ltr'>te</span> <span class='ocrx_word' id='word_1_309' title='bbox 764 3219 819 3280; x_wconf 82' lang='lat' dir='ltr'>esse</span> <span class='ocrx_word' id='word_1_310' title='bbox 832 3221 966 3296; x_wconf 83' lang='lat' dir='ltr'>undique</span> <span class='ocrx_word' id='word_1_311' title='bbox 990 3221 1182 3281; x_wconf 80' lang='lat' dir='ltr'>colendiffimi</span> <span class='ocrx_word' id='word_1_312' title='bbox 1195 3225 1257 3286; x_wconf 87' lang='lat' dir='ltr'>viri</span> 
     </span>
     <span class='ocr_line' id='line_1_40' title="bbox 267 3297 1257 3375; baseline 0.005 -25"><span class='ocrx_word' id='word_1_313' title='bbox 267 3299 416 3353; x_wconf 75' lang='lat' dir='ltr'>Alexandri</span> <span class='ocrx_word' id='word_1_314' title='bbox 439 3303 502 3353; x_wconf 79' lang='lat' dir='ltr'>Nora</span> <span class='ocrx_word' id='word_1_315' title='bbox 511 3302 545 3353; x_wconf 75' lang='lat' dir='ltr'>&#39;dr&#39;</span> <span class='ocrx_word' id='word_1_316' title='bbox 557 3297 663 3368; x_wconf 87' lang='lat' dir='ltr'>verbis,</span> <span class='ocrx_word' id='word_1_317' title='bbox 688 3299 717 3358; x_wconf 85' lang='lat'>&amp;</span> <span class='ocrx_word' id='word_1_318' title='bbox 740 3303 784 3357; x_wconf 84' lang='lat' dir='ltr'>tui</span> <span class='ocrx_word' id='word_1_319' title='bbox 797 3301 884 3375; x_wconf 85' lang='lat' dir='ltr'>ipsius</span> <span class='ocrx_word' id='word_1_320' title='bbox 896 3298 1062 3358; x_wconf 80' lang='lat' dir='ltr'>eruditione</span> <span class='ocrx_word' id='word_1_321' title='bbox 1075 3297 1257 3361; x_wconf 74' lang='lat' dir='ltr'>instr&#39;ufflffi.</span> 
     </span>
     <span class='ocr_line' id='line_1_41' title="bbox 264 3374 1256 3452; baseline 0.007 -21"><span class='ocrx_word' id='word_1_322' title='bbox 264 3392 366 3432; x_wconf 88' lang='lat' dir='ltr'>mum:</span> <span class='ocrx_word' id='word_1_323' title='bbox 386 3374 675 3445; x_wconf 84' lang='lat' dir='ltr'>sedutteconsoler,</span> <span class='ocrx_word' id='word_1_324' title='bbox 708 3375 881 3435; x_wconf 85' lang='lat' dir='ltr'>&amp;officium</span> <span class='ocrx_word' id='word_1_325' title='bbox 895 3396 993 3435; x_wconf 85' lang='lat' dir='ltr'>meum</span> <span class='ocrx_word' id='word_1_326' title='bbox 1015 3375 1153 3452; x_wconf 84' lang='lat' dir='ltr'>praestem.</span> <span class='ocrx_word' id='word_1_327' title='bbox 1193 3380 1256 3438; x_wconf 88' lang='lat' dir='ltr'>Re-</span> 
     </span>
     <span class='ocr_line' id='line_1_42' title="bbox 261 3450 1256 3534; baseline 0.007 -25"><span class='ocrx_word' id='word_1_328' title='bbox 261 3450 380 3525; x_wconf 84' lang='lat' dir='ltr'>spondit</span> <span class='ocrx_word' id='word_1_329' title='bbox 393 3450 545 3524; x_wconf 76' lang='lat' dir='ltr'>Asesamas,</span> <span class='ocrx_word' id='word_1_330' title='bbox 568 3473 674 3528; x_wconf 77' lang='lat' dir='ltr'>magno</span> <span class='ocrx_word' id='word_1_331' title='bbox 694 3473 750 3528; x_wconf 72' lang='lat' dir='ltr'>ego</span> <span class='ocrx_word' id='word_1_332' title='bbox 763 3455 881 3512; x_wconf 87' lang='lat' dir='ltr'>crucior</span> <span class='ocrx_word' id='word_1_333' title='bbox 905 3454 1015 3526; x_wconf 86' lang='lat' dir='ltr'>dolore,</span> <span class='ocrx_word' id='word_1_334' title='bbox 1043 3458 1124 3530; x_wconf 76' lang='lat' dir='ltr'>gravi</span> <span class='ocrx_word' id='word_1_335' title='bbox 1149 3458 1256 3534; x_wconf 87' lang='lat' dir='ltr'>oppri-</span> 
     </span>
     <span class='ocr_line' id='line_1_43' title="bbox 260 3529 1254 3608; baseline 0.008 -23"><span class='ocrx_word' id='word_1_336' title='bbox 260 3547 325 3586; x_wconf 90' lang='lat' dir='ltr'>mor</span> <span class='ocrx_word' id='word_1_337' title='bbox 339 3531 452 3603; x_wconf 85' lang='lat' dir='ltr'>morbo,</span> <span class='ocrx_word' id='word_1_338' title='bbox 468 3531 525 3588; x_wconf 74' lang='lat' dir='ltr'>hac</span> <span class='ocrx_word' id='word_1_339' title='bbox 538 3551 599 3587; x_wconf 82' lang='lat' dir='ltr'>mea</span> <span class='ocrx_word' id='word_1_340' title='bbox 615 3529 655 3589; x_wconf 80' lang='lat' dir='ltr'>esi</span> <span class='ocrx_word' id='word_1_341' title='bbox 667 3529 814 3602; x_wconf 81' lang='lat' dir='ltr'>consessio,</span> <span class='ocrx_word' id='word_1_342' title='bbox 841 3529 900 3588; x_wconf 78' lang='lat' dir='ltr'>smc</span> <span class='ocrx_word' id='word_1_343' title='bbox 914 3531 997 3600; x_wconf 77' lang='lat' dir='ltr'>sides,</span> <span class='ocrx_word' id='word_1_344' title='bbox 1028 3530 1091 3592; x_wconf 83' lang='lat' dir='ltr'>lraec</span> <span class='ocrx_word' id='word_1_345' title='bbox 1115 3535 1254 3608; x_wconf 85' lang='lat' dir='ltr'>precatio</span> 
     </span>
     <span class='ocr_line' id='line_1_44' title="bbox 261 3606 1251 3686; baseline 0.005 -23"><span class='ocrx_word' id='word_1_346' title='bbox 261 3606 429 3665; x_wconf 69' lang='lat' dir='ltr'>botrorum</span> <span class='ocrx_word' id='word_1_347' title='bbox 456 3606 589 3680; x_wconf 81' lang='lat' dir='ltr'>estquod</span> <span class='ocrx_word' id='word_1_348' title='bbox 613 3609 698 3666; x_wconf 83' lang='lat' dir='ltr'>roso:</span> <span class='ocrx_word' id='word_1_349' title='bbox 727 3608 944 3682; x_wconf 62' lang='lat' dir='ltr'>Capiodrse&#39;ilvi,</span> <span class='ocrx_word' id='word_1_350' title='bbox 971 3606 1133 3681; x_wconf 63' lang='lat' dir='ltr'>&amp;albeum</span> <span class='ocrx_word' id='word_1_351' title='bbox 1148 3611 1251 3686; x_wconf 66' lang='lat' dir='ltr'>Cluilio</span> 
     </span>
     <span class='ocr_line' id='line_1_45' title="bbox 261 3681 1254 3763; baseline 0.007 -21"><span class='ocrx_word' id='word_1_352' title='bbox 261 3681 361 3757; x_wconf 82' lang='lat' dir='ltr'>Quam</span> <span class='ocrx_word' id='word_1_353' title='bbox 375 3686 503 3747; x_wconf 85' lang='lat' dir='ltr'>drrinam</span> <span class='ocrx_word' id='word_1_354' title='bbox 517 3687 544 3748; x_wconf 70' lang='lat' dir='ltr'>br</span> <span class='ocrx_word' id='word_1_355' title='bbox 557 3686 703 3749; x_wconf 81' lang='lat' dir='ltr'>coelestem</span> <span class='ocrx_word' id='word_1_356' title='bbox 718 3685 792 3746; x_wconf 82' lang='lat' dir='ltr'>Divi</span> <span class='ocrx_word' id='word_1_357' title='bbox 805 3689 887 3743; x_wconf 74' lang='lat' dir='ltr'>Paule</span> <span class='ocrx_word' id='word_1_358' title='bbox 901 3687 1085 3763; x_wconf 86' lang='lat' dir='ltr'>sententiam,</span> <span class='ocrx_word' id='word_1_359' title='bbox 1096 3691 1254 3750; x_wconf 83' lang='lat' dir='ltr'>multoties</span> 
     </span>
    </p>

    <p class='ocr_par' dir='ltr' id='par_1_5' title="bbox 384 3786 1251 3829">
     <span class='ocr_line' id='line_1_46' title="bbox 384 3786 1251 3829; baseline 0 -4"><span class='ocrx_word' id='word_1_360' title='bbox 384 3787 390 3805; x_wconf 92' lang='lat'><strong>·</strong></span> <span class='ocrx_word' id='word_1_361' title='bbox 1166 3786 1251 3829; x_wconf 78' lang='lat' dir='ltr'>antea</span> 
     </span>
    </p>
   </div>
   <div class='ocr_carea' id='block_1_5' title="bbox 0 0 1346 4476">
    <p class='ocr_par' dir='ltr' id='par_1_6' title="bbox 0 0 1346 4476">
     <span class='ocr_line' id='line_1_47' title="bbox 0 0 1346 4476; baseline 0 6"><span class='ocrx_word' id='word_1_362' title='bbox 0 0 1346 4476; x_wconf 95' lang='lat' dir='ltr'> </span> 
     </span>
    </p>
   </div>
  </div>
 </body>
</html>
