<?xml version="1.0" encoding="UTF-8"?>
<!DOCTYPE html PUBLIC "-//W3C//DTD XHTML 1.0 Transitional//EN"
    "http://www.w3.org/TR/xhtml1/DTD/xhtml1-transitional.dtd">
<html xmlns="http://www.w3.org/1999/xhtml" xml:lang="en" lang="en">
 <head>
  <title>
</title>
<meta http-equiv="Content-Type" content="text/html;charset=utf-8" />
  <meta name='ocr-system' content='tesseract 3.04.00' />
  <meta name='ocr-capabilities' content='ocr_page ocr_carea ocr_par ocr_line ocrx_word'/>
</head>
<body>
  <div class='ocr_page' id='page_1' title='image "./rogeriaschamiep00sturgoog_0544.png"; bbox 0 0 2604 4462; ppageno 0'>
   <div class='ocr_carea' id='block_1_1' title="bbox 253 233 1078 358">
    <p class='ocr_par' dir='ltr' id='par_1_1' title="bbox 253 233 1078 358">
     <span class='ocr_line' id='line_1_1' title="bbox 253 233 1078 358; baseline -0.016 -26"><span class='ocrx_word' id='word_1_1' title='bbox 253 275 314 358; x_wconf 87' lang='lat'>92</span> <span class='ocrx_word' id='word_1_2' title='bbox 423 245 758 330; x_wconf 64' lang='lat' dir='ltr'>quenum</span> <span class='ocrx_word' id='word_1_3' title='bbox 792 233 1078 326; x_wconf 64' lang='lat' dir='ltr'>vinosum</span> 
     </span>
    </p>
   </div>
   <div class='ocr_carea' id='block_1_2' title="bbox 406 504 1104 600">
    <p class='ocr_par' dir='ltr' id='par_1_2' title="bbox 406 504 1104 600">
     <span class='ocr_line' id='line_1_2' title="bbox 406 504 1104 600; baseline -0.007 -2"><span class='ocrx_word' id='word_1_4' title='bbox 406 507 930 600; x_wconf 84' lang='lat' dir='ltr'><strong>EPISTOLA</strong></span> <span class='ocrx_word' id='word_1_5' title='bbox 997 504 1104 596; x_wconf 75' lang='lat' dir='ltr'><strong>VII-¹</strong></span> 
     </span>
    </p>
   </div>
   <div class='ocr_carea' id='block_1_3' title="bbox 376 739 1141 1022">
    <p class='ocr_par' dir='ltr' id='par_1_3' title="bbox 376 739 1141 1022">
     <span class='ocr_line' id='line_1_3' title="bbox 376 739 1134 863; baseline -0.012 -23"><span class='ocrx_word' id='word_1_6' title='bbox 376 749 579 840; x_wconf 70' lang='lat' dir='ltr'>Doctrina</span> <span class='ocrx_word' id='word_1_7' title='bbox 595 741 646 845; x_wconf 58' lang='grc' dir='ltr'><em>ὸ</em></span> <span class='ocrx_word' id='word_1_8' title='bbox 664 747 818 835; x_wconf 85' lang='lat' dir='ltr'>virtute</span> <span class='ocrx_word' id='word_1_9' title='bbox 829 739 1134 863; x_wconf 77' lang='lat' dir='ltr'>prestantiffimo</span> 
     </span>
     <span class='ocr_line' id='line_1_4' title="bbox 539 931 1141 1022; baseline -0.012 0"><span class='ocrx_word' id='word_1_10' title='bbox 539 947 576 1022; x_wconf 90' lang='lat' dir='ltr'>D</span> <span class='ocrx_word' id='word_1_11' title='bbox 622 952 661 1019; x_wconf 92' lang='grc' dir='ltr'><strong>Ο</strong></span> <span class='ocrx_word' id='word_1_12' title='bbox 709 949 753 1020; x_wconf 93' lang='grc' dir='ltr'><strong>Μ</strong></span> <span class='ocrx_word' id='word_1_13' title='bbox 800 949 818 1018; x_wconf 94' lang='grc' dir='ltr'>Ι</span> <span class='ocrx_word' id='word_1_14' title='bbox 853 947 891 1020; x_wconf 89' lang='lat' dir='ltr'>N</span> <span class='ocrx_word' id='word_1_15' title='bbox 928 949 967 1018; x_wconf 91' lang='grc' dir='ltr'><strong>Ο</strong></span> <span class='ocrx_word' id='word_1_16' title='bbox 1073 947 1089 984; x_wconf 78' lang='lat'>⁸</span> <span class='ocrx_word' id='word_1_17' title='bbox 1138 931 1141 938; x_wconf 39' lang='lat'>¹</span> 
     </span>
    </p>
   </div>
   <div class='ocr_carea' id='block_1_4' title="bbox 203 1103 1289 1473">
    <p class='ocr_par' dir='ltr' id='par_1_4' title="bbox 203 1087 1289 1473">
     <span class='ocr_line' id='line_1_5' title="bbox 203 1103 1247 1270; baseline -0.011 -14"><span class='ocrx_word' id='word_1_18' title='bbox 203 1123 599 1270; x_wconf 59' lang='lat' dir='ltr'>‘PETRo</span> <span class='ocrx_word' id='word_1_19' title='bbox 668 1103 1247 1250; x_wconf 81' lang='lat' dir='ltr'>SCRIVERIO</span> 
     </span>
     <span class='ocr_line' id='line_1_6' title="bbox 393 1341 1289 1473; baseline -0.012 -18"><span class='ocrx_word' id='word_1_20' title='bbox 393 1356 551 1454; x_wconf 77' lang='lat' dir='ltr'>Po‘e&#39;tae</span> <span class='ocrx_word' id='word_1_21' title='bbox 578 1358 624 1447; x_wconf 88' lang='lat'>&amp;</span> <span class='ocrx_word' id='word_1_22' title='bbox 647 1341 890 1447; x_wconf 88' lang='lat' dir='ltr'>Historico</span> <span class='ocrx_word' id='word_1_23' title='bbox 914 1351 1122 1473; x_wconf 86' lang='lat' dir='ltr'>eximio,</span> <span class='ocrx_word' id='word_1_24' title='bbox 1286 1341 1289 1432; x_wconf 70' lang='lat' dir='ltr'>i</span> 
     </span>
    </p>
   </div>
   <div class='ocr_carea' id='block_1_5' title="bbox 552 1487 1291 1691">
    <p class='ocr_par' dir='ltr' id='par_1_5' title="bbox 552 1487 1292 1691">
     <span class='ocr_line' id='line_1_7' title="bbox 552 1487 1291 1691; baseline -0.03 -16"><span class='ocrx_word' id='word_1_25' title='bbox 552 1587 694 1674; x_wconf 85' lang='lat' dir='ltr'><em>Amico</em></span> <span class='ocrx_word' id='word_1_26' title='bbox 700 1578 776 1691; x_wconf 84' lang='lat' dir='ltr'>suo</span> <span class='ocrx_word' id='word_1_27' title='bbox 797 1577 964 1666; x_wconf 80' lang='lat' dir='ltr'>colendo.</span> <span class='ocrx_word' id='word_1_28' title='bbox 1287 1487 1291 1638; x_wconf 69' lang='lat' dir='ltr'>i</span> 
     </span>
    </p>
   </div>
   <div class='ocr_carea' id='block_1_6' title="bbox 676 1818 838 1907">
    <p class='ocr_par' dir='ltr' id='par_1_6' title="bbox 676 1818 838 1907">
     <span class='ocr_line' id='line_1_8' title="bbox 676 1818 838 1907; baseline -0.006 -2"><span class='ocrx_word' id='word_1_29' title='bbox 676 1820 715 1904; x_wconf 89' lang='lat' dir='ltr'>S.</span> <span class='ocrx_word' id='word_1_30' title='bbox 782 1818 838 1907; x_wconf 85' lang='lat' dir='ltr'>P.</span> 
     </span>
    </p>
   </div>
   <div class='ocr_carea' id='block_1_7' title="bbox 259 2049 1249 2296">
    <p class='ocr_par' dir='ltr' id='par_1_7' title="bbox 259 2049 1249 2296">
     <span class='ocr_line' id='line_1_9' title="bbox 259 2049 1249 2296; baseline -0.005 -146"><span class='ocrx_word' id='word_1_31' title='bbox 259 2059 410 2296; x_wconf 86' lang='lat' dir='ltr'>Post</span> <span class='ocrx_word' id='word_1_32' title='bbox 432 2059 591 2174; x_wconf 86' lang='lat' dir='ltr'>scriptas</span> <span class='ocrx_word' id='word_1_33' title='bbox 607 2050 756 2144; x_wconf 87' lang='lat' dir='ltr'>litteras</span> <span class='ocrx_word' id='word_1_34' title='bbox 774 2065 815 2146; x_wconf 70' lang='lat' dir='ltr'>ec</span> <span class='ocrx_word' id='word_1_35' title='bbox 833 2049 1022 2183; x_wconf 60' lang='lat' dir='ltr'>lignani,</span> <span class='ocrx_word' id='word_1_36' title='bbox 1061 2077 1162 2173; x_wconf 77' lang='lat' dir='ltr'>quas¹</span> <span class='ocrx_word' id='word_1_37' title='bbox 1185 2078 1249 2175; x_wconf 79' lang='lat' dir='ltr'>pet</span> 
     </span>
    </p>
   </div>
   <div class='ocr_carea' id='block_1_8' title="bbox 7 2197 1255 3795">
    <p class='ocr_par' dir='ltr' id='par_1_8' title="bbox 384 2197 1249 2308">
     <span class='ocr_line' id='line_1_10' title="bbox 384 2197 1249 2308; baseline -0.008 -25"><span class='ocrx_word' id='word_1_38' title='bbox 384 2197 661 2308; x_wconf 67' lang='lat' dir='ltr'>ampl‘iffimum</span> <span class='ocrx_word' id='word_1_39' title='bbox 688 2207 730 2282; x_wconf 89' lang='lat'>&amp;</span> <span class='ocrx_word' id='word_1_40' title='bbox 757 2197 1007 2286; x_wconf 83' lang='lat' dir='ltr'>clatiffimum</span> <span class='ocrx_word' id='word_1_41' title='bbox 1044 2200 1176 2284; x_wconf 86' lang='lat' dir='ltr'>virum</span> <span class='ocrx_word' id='word_1_42' title='bbox 1202 2197 1249 2280; x_wconf 93' lang='lat' dir='ltr'>D.</span> 
     </span>
    </p>

    <p class='ocr_par' dir='ltr' id='par_1_9' title="bbox 261 2333 1250 2448">
     <span class='ocr_line' id='line_1_11' title="bbox 261 2333 1250 2448; baseline -0.007 -24"><span class='ocrx_word' id='word_1_43' title='bbox 261 2342 479 2428; x_wconf 82' lang='lat' dir='ltr'>Eitzonem</span> <span class='ocrx_word' id='word_1_44' title='bbox 498 2333 686 2422; x_wconf 86' lang='lat' dir='ltr'><em>Tiardam</em></span> <span class='ocrx_word' id='word_1_45' title='bbox 706 2336 757 2422; x_wconf 87' lang='lat' dir='ltr'>ad</span> <span class='ocrx_word' id='word_1_46' title='bbox 776 2357 816 2419; x_wconf 92' lang='lat' dir='ltr'>te</span> <span class='ocrx_word' id='word_1_47' title='bbox 833 2336 949 2429; x_wconf 77' lang='lat' dir='ltr'>misi,</span> <span class='ocrx_word' id='word_1_48' title='bbox 983 2338 1046 2424; x_wconf 86' lang='lat' dir='ltr'>vir</span> <span class='ocrx_word' id='word_1_49' title='bbox 1072 2335 1250 2448; x_wconf 83' lang='lat' dir='ltr'>praestan·</span> 
     </span>
    </p>

    <p class='ocr_par' dir='ltr' id='par_1_10' title="bbox 7 2468 1252 2724">
     <span class='ocr_line' id='line_1_12' title="bbox 7 2468 1251 2586; baseline -0.005 -26"><span class='ocrx_word' id='word_1_50' title='bbox 7 2475 8 2494; x_wconf 54' lang='lat'>¹</span> <span class='ocrx_word' id='word_1_51' title='bbox 110 2527 111 2532; x_wconf 20' lang='grc' dir='ltr'><strong><em>κ</em></strong></span> <span class='ocrx_word' id='word_1_52' title='bbox 261 2474 402 2560; x_wconf 85' lang='lat' dir='ltr'>tiffime</span> <span class='ocrx_word' id='word_1_53' title='bbox 427 2496 545 2586; x_wconf 86' lang='lat' dir='ltr'>atque</span> <span class='ocrx_word' id='word_1_54' title='bbox 562 2468 842 2565; x_wconf 76' lang='lat' dir='ltr'>eruditissime2</span> <span class='ocrx_word' id='word_1_55' title='bbox 877 2468 1007 2560; x_wconf 87' lang='lat' dir='ltr'>eidem</span> <span class='ocrx_word' id='word_1_56' title='bbox 1025 2473 1078 2557; x_wconf 90' lang='lat' dir='ltr'>D.</span> <span class='ocrx_word' id='word_1_57' title='bbox 1102 2469 1251 2558; x_wconf 75' lang='lat' dir='ltr'>Tiardae</span> 
     </span>
     <span class='ocr_line' id='line_1_13' title="bbox 253 2608 1252 2724; baseline -0.005 -27"><span class='ocrx_word' id='word_1_58' title='bbox 253 2637 339 2698; x_wconf 60' lang='lat' dir='ltr'>⁴tres</span> <span class='ocrx_word' id='word_1_59' title='bbox 353 2611 476 2696; x_wconf 89' lang='lat' dir='ltr'>libros</span> <span class='ocrx_word' id='word_1_60' title='bbox 495 2611 586 2697; x_wconf 89' lang='lat' dir='ltr'>dedi</span> <span class='ocrx_word' id='word_1_61' title='bbox 606 2612 891 2721; x_wconf 85' lang='lat' dir='ltr'>manuscriptos</span> <span class='ocrx_word' id='word_1_62' title='bbox 916 2609 968 2696; x_wconf 84' lang='lat' dir='ltr'>ad</span> <span class='ocrx_word' id='word_1_63' title='bbox 992 2634 1034 2697; x_wconf 91' lang='lat' dir='ltr'>te</span> <span class='ocrx_word' id='word_1_64' title='bbox 1057 2608 1252 2724; x_wconf 82' lang='lat' dir='ltr'>perferen·</span> 
     </span>
    </p>

    <p class='ocr_par' dir='ltr' id='par_1_11' title="bbox 261 2737 1252 2859">
     <span class='ocr_line' id='line_1_14' title="bbox 261 2737 1252 2859; baseline -0.008 -23"><span class='ocrx_word' id='word_1_65' title='bbox 261 2750 336 2836; x_wconf 89' lang='lat' dir='ltr'>dos</span> <span class='ocrx_word' id='word_1_66' title='bbox 350 2747 400 2831; x_wconf 88' lang='lat' dir='ltr'>de</span> <span class='ocrx_word' id='word_1_67' title='bbox 415 2753 529 2834; x_wconf 89' lang='lat' dir='ltr'>rebus</span> <span class='ocrx_word' id='word_1_68' title='bbox 544 2745 729 2833; x_wconf 86' lang='lat' dir='ltr'>Frificis:</span> <span class='ocrx_word' id='word_1_69' title='bbox 766 2737 941 2859; x_wconf 74' lang='lat' dir='ltr'>q&#39;uonm</span> <span class='ocrx_word' id='word_1_70' title='bbox 963 2748 1046 2834; x_wconf 91' lang='lat' dir='ltr'>duo</span> <span class='ocrx_word' id='word_1_71' title='bbox 1060 2748 1252 2832; x_wconf 85' lang='lat' dir='ltr'>membra·</span> 
     </span>
    </p>

    <p class='ocr_par' dir='ltr' id='par_1_12' title="bbox 116 2873 1255 3273">
     <span class='ocr_line' id='line_1_15' title="bbox 121 2873 1252 2998; baseline -0.005 -28"><span class='ocrx_word' id='word_1_72' title='bbox 121 2873 124 2884; x_wconf 47' lang='lat'><strong>¹</strong></span> <span class='ocrx_word' id='word_1_73' title='bbox 261 2889 350 2980; x_wconf 82' lang='lat' dir='ltr'>nei,</span> <span class='ocrx_word' id='word_1_74' title='bbox 387 2890 524 2973; x_wconf 85' lang='lat' dir='ltr'>tertius</span> <span class='ocrx_word' id='word_1_75' title='bbox 544 2885 788 2971; x_wconf 85' lang='lat' dir='ltr'>chartaceus:</span> <span class='ocrx_word' id='word_1_76' title='bbox 826 2913 928 2998; x_wconf 89' lang='lat' dir='ltr'>quos</span> <span class='ocrx_word' id='word_1_77' title='bbox 944 2885 1025 2996; x_wconf 86' lang='lat' dir='ltr'>jam</span> <span class='ocrx_word' id='word_1_78' title='bbox 1044 2885 1119 2969; x_wconf 88' lang='lat' dir='ltr'>tibi</span> <span class='ocrx_word' id='word_1_79' title='bbox 1137 2879 1252 2968; x_wconf 68' lang='lat' dir='ltr'>tradi⁴</span> 
     </span>
     <span class='ocr_line' id='line_1_16' title="bbox 116 3020 1255 3134; baseline 0 -30"><span class='ocrx_word' id='word_1_80' title='bbox 116 3095 119 3104; x_wconf 18' lang='grc' dir='ltr'><strong><em>Δ</em></strong></span> <span class='ocrx_word' id='word_1_81' title='bbox 260 3047 326 3108; x_wconf 85' lang='lat' dir='ltr'>tos</span> <span class='ocrx_word' id='word_1_82' title='bbox 351 3023 476 3134; x_wconf 89' lang='lat' dir='ltr'>spero.</span> <span class='ocrx_word' id='word_1_83' title='bbox 556 3023 668 3105; x_wconf 90' lang='lat' dir='ltr'>Alter</span> <span class='ocrx_word' id='word_1_84' title='bbox 697 3027 738 3108; x_wconf 87' lang='lat' dir='ltr'>in</span> <span class='ocrx_word' id='word_1_85' title='bbox 765 3025 1006 3109; x_wconf 77' lang='lat' dir='ltr'>‘membranis</span> <span class='ocrx_word' id='word_1_86' title='bbox 1034 3020 1255 3132; x_wconf 80' lang='lat' dir='ltr'>minoribus</span> 
     </span>
     <span class='ocr_line' id='line_1_17' title="bbox 258 3157 1254 3273; baseline -0.002 -29"><span class='ocrx_word' id='word_1_87' title='bbox 258 3157 547 3248; x_wconf 65' lang='lat' dir='ltr'>charasteribus</span> <span class='ocrx_word' id='word_1_88' title='bbox 565 3185 741 3246; x_wconf 86' lang='lat' dir='ltr'>exaratus</span> <span class='ocrx_word' id='word_1_89' title='bbox 760 3165 783 3247; x_wconf 72' lang='grc' dir='ltr'>ὲ</span> <span class='ocrx_word' id='word_1_90' title='bbox 811 3189 896 3273; x_wconf 87' lang='lat' dir='ltr'><strong>rep.</strong></span> <span class='ocrx_word' id='word_1_91' title='bbox 916 3162 991 3245; x_wconf 88' lang='lat' dir='ltr'>hac</span> <span class='ocrx_word' id='word_1_92' title='bbox 1008 3157 1142 3248; x_wconf 84' lang='lat' dir='ltr'>nostra</span> <span class='ocrx_word' id='word_1_93' title='bbox 1160 3184 1254 3242; x_wconf 75' lang='lat' dir='ltr'>meoe</span> 
     </span>
    </p>

    <p class='ocr_par' dir='ltr' id='par_1_13' title="bbox 259 3277 1251 3391">
     <span class='ocr_line' id='line_1_18' title="bbox 259 3277 1251 3391; baseline -0.003 -10"><span class='ocrx_word' id='word_1_94' title='bbox 259 3296 354 3381; x_wconf 88' lang='lat' dir='ltr'>fidei</span> <span class='ocrx_word' id='word_1_95' title='bbox 373 3295 668 3384; x_wconf 85' lang='lat' dir='ltr'>commendatus</span> <span class='ocrx_word' id='word_1_96' title='bbox 688 3299 777 3391; x_wconf 84' lang='lat' dir='ltr'>est,</span> <span class='ocrx_word' id='word_1_97' title='bbox 821 3321 866 3382; x_wconf 91' lang='lat' dir='ltr'>ut</span> <span class='ocrx_word' id='word_1_98' title='bbox 894 3329 946 3382; x_wconf 91' lang='lat' dir='ltr'>eo</span> <span class='ocrx_word' id='word_1_99' title='bbox 964 3320 1124 3390; x_wconf 84' lang='lat' dir='ltr'>uterer,</span> <span class='ocrx_word' id='word_1_100' title='bbox 1169 3277 1251 3378; x_wconf 75' lang='lat' dir='ltr'>cuni</span> 
     </span>
    </p>

    <p class='ocr_par' dir='ltr' id='par_1_14' title="bbox 151 3419 1247 3689">
     <span class='ocr_line' id='line_1_19' title="bbox 151 3419 1247 3547; baseline -0.006 -27"><span class='ocrx_word' id='word_1_101' title='bbox 151 3419 174 3468; x_wconf 62' lang='lat'>⁸</span> <span class='ocrx_word' id='word_1_102' title='bbox 259 3434 428 3519; x_wconf 85' lang='lat' dir='ltr'>versarer</span> <span class='ocrx_word' id='word_1_103' title='bbox 448 3440 491 3522; x_wconf 89' lang='lat' dir='ltr'>in</span> <span class='ocrx_word' id='word_1_104' title='bbox 520 3435 720 3521; x_wconf 87' lang='lat' dir='ltr'>scribenda</span> <span class='ocrx_word' id='word_1_105' title='bbox 737 3436 846 3518; x_wconf 88' lang='lat' dir='ltr'>istius</span> <span class='ocrx_word' id='word_1_106' title='bbox 867 3437 1060 3547; x_wconf 88' lang='lat' dir='ltr'>temporis</span> <span class='ocrx_word' id='word_1_107' title='bbox 1083 3433 1247 3518; x_wconf 81' lang='lat' dir='ltr'>historia.</span> 
     </span>
     <span class='ocr_line' id='line_1_20' title="bbox 260 3569 1246 3689; baseline 0.002 -29"><span class='ocrx_word' id='word_1_108' title='bbox 260 3573 390 3689; x_wconf 84' lang='lat' dir='ltr'>Rogo</span> <span class='ocrx_word' id='word_1_109' title='bbox 412 3596 457 3658; x_wconf 93' lang='lat' dir='ltr'>ut</span> <span class='ocrx_word' id='word_1_110' title='bbox 476 3579 561 3686; x_wconf 87' lang='lat' dir='ltr'>ejus</span> <span class='ocrx_word' id='word_1_111' title='bbox 579 3569 812 3689; x_wconf 88' lang='lat' dir='ltr'>diligentem</span> <span class='ocrx_word' id='word_1_112' title='bbox 832 3601 962 3661; x_wconf 85' lang='lat' dir='ltr'>curam</span> <span class='ocrx_word' id='word_1_113' title='bbox 992 3573 1172 3663; x_wconf 77' lang='lat' dir='ltr'>habeas,</span> <span class='ocrx_word' id='word_1_114' title='bbox 1209 3585 1246 3646; x_wconf 81' lang='lat' dir='ltr'>11t</span> 
     </span>
    </p>

    <p class='ocr_par' dir='ltr' id='par_1_15' title="bbox 1170 3720 1251 3795">
     <span class='ocr_line' id='line_1_21' title="bbox 1170 3720 1251 3795; baseline 0.049 -11"><span class='ocrx_word' id='word_1_115' title='bbox 1170 3720 1251 3795; x_wconf 78' lang='lat' dir='ltr'>tuto</span> 
     </span>
    </p>
   </div>
   <div class='ocr_carea' id='block_1_9' title="bbox 0 0 1306 4462">
    <p class='ocr_par' dir='ltr' id='par_1_16' title="bbox 0 0 1306 4462">
     <span class='ocr_line' id='line_1_22' title="bbox 0 0 1306 4462; baseline 0 1"><span class='ocrx_word' id='word_1_116' title='bbox 0 0 1306 4462; x_wconf 95' lang='lat' dir='ltr'> </span> 
     </span>
    </p>
   </div>
  </div>
 </body>
</html>
