2604 4462
153 415 162 422 .
214 285 848 388 nursini-usnemun}
906 317 1017 432 '101

22 469 298 558 continentem
329 471 511 562 historias·
538 473 694 582 aliquot
713 496 840 557 rerum
865 468 909 554 in
942 469 1020 561 hac

20 595 267 722 potillimum
286 609 493 723 provincia
509 597 611 693 olinr
626 603 839 723 gestarum,
875 612 1020 698 minus·

20 749 118 831 culis
140 731 432 864 charieter'ib'us'
449 759 540 833 a'nte
555 767 758 836 trecentos
782 739 909 835 annos
925 777 1019 845 exa·

21 909 183 978 ratum,
219 913 289 998 per
324 883 374 966 D.
402 886 616 970 Eitzonem
633 882 1021 974 Tiardarneommu-

23 1051 116 1114 nem
140 1023 312 1116 amicum
338 1023 517 1118 nostrum,
546 1020 599 1136 ud
627 1043 668 1106 te
696 1026 719 1106 ὲ
753 1051 817 1107 nre
842 1021 1019 1116 millum,

26 1187 131 1244 nunc
151 1187 226 1271 per
242 1159 471 1270 praesentem
492 1161 597 1242 h'unc
615 1159 837 1244 Dominum
857 1161 1022 1246 Bernar-

28 1295 118 1386 dum
128 1295 446 1398 Theodorum,
457 1297 721 1406 'Ecclefiasten
737 1295 855 1406 hujus
866 1298 1022 1381 Civita-

29 1435 101 1528 tis,
137 1436 210 1544 qui
228 1435 454 1544 epistolium
472 1437 550 1521 hoc
568 1434 701 1524 affert,
739 1443 779 1522 δε
798 1437 861 1522 cui
882 1436 955 1519 hae
972 1434 1022 1520 de

28 1599 67 1655 re
84 1568 314 1666 mandatum
330 1571 421 1666 dedi
439 1623 452 1664 r
487 1572 587 1658 mihi
605 1570 790 1657 remittas.
858 1571 1025 1658 Interest

29 1701 133 1792 eninr
148 1736 237 1800 rnea
253 1737 338 1794 non
356 1738 514 1823 parum,
550 1731 595 1794 ut
612 1717 668 1793 ita
695 1707 773 1792 fiat.
810 1709 872 1793 ‚N
875 1739 937 1794 am
957 1741 1026 1795 co-

29 1843 102 1930 dex
121 1872 207 1931 non
233 1873 343 1948 meus
366 1848 449 1940 est,
503 1847 568 1940 sed
603 1845 699 1968 reip.
735 1848 898 1940 nostre,
936 1876 1024 1959 quae

30 2010 136 2072 nunc
150 1992 241 2066 euin
268 2013 292 2067 a
317 2013 381 2078 me
399 1986 499 2077 serio
526 1981 707 2102 reposcit.
776 1983 812 2077 F
812 1975 934 2074 eteris
950 1989 1025 2071 mi·

30 2119 76 2204 hi
101 2145 179 2205 reru
198 2120 323 2233 longe
352 2122 636 2236 gratissimam,
673 2121 939 2230 pertinentem
974 2121 1025 2209 ad

30 2255 212 2342 tuendam
228 2254 349 2340 fidem
365 2287 501 2346 meam.
563 2256 740 2366 Reliqua
757 2245 899 2352 enain,
935 2291 1025 2374 quae

31 2392 155 2482 adhuc
173 2423 197 2476 a
213 2423 278 2480 me
295 2395 437 2490 habes,
472 2425 598 2516 rogo,
633 2417 679 2482 ut
695 2395 875 2482 Domino
895 2398 1024 2484 Bona·

31 2535 201 2652 vnrtuqae
228 2529 430 2626 Elzevirio
475 2533 612 2622 nostro
649 2530 806 2626 tradas,
852 2556 896 2616 ut
925 2535 1026 2624 ille,

32 2695 116 2757 cum
152 2669 230 2758 erit
244 2669 545 2764 'commodum
587 2697 677 2752 curn
703 2671 848 2768 chartis
869 2671 956 2754 aliis
975 2669 1025 2754 ad

34 2834 91 2890 me
107 2802 249 2890 eadem
277 2809 461 2900 remittat.
531 2806 683 2890 Noster
709 2808 760 2892 1).
785 2807 934 2926 Tiarrda
963 2810 1023 2890 vi-

35 2961 108 3026 tam
124 2941 247 3042 inivit
266 2944 539 3034 miserrimam,
576 2965 684 3036 totus
707 2967 840 3036 mente
862 2969 1023 3038 motus,

32 3077 213 3192 exempl&
240 3079 310 3164 suo
328 3081 627 3173 demonstrans,
674 3107 793 3191 quarn
807 3082 854 3164 srt
872 3081 1022 3195 fragilis

30 3221 74 3298 &
96 3218 244 3301 ineerta
287 3217 469 3306 conditio
491 3218 631 3304 nostra.
711 3219 807 3301 Mea
837 3217 1023 3303 valetudo

28 3351 154 3438 adhuc
175 3357 308 3440 tenuis
324 3354 379 3440 est
397 3407 410 3449 ‚
455 3383 545 3438 cum
564 3375 677 3442 aetate
694 3352 820 3442 indies
840 3359 964 3468 magis
983 3363 1023 3443 sc

27 3494 148 3607 magis
164 3475 382 3584 deficiens,
428 3491 689 3602 quotidieque
705 3521 769 3576 me
787 3520 955 3581 monens
973 3491 1023 3574 de

27 3628 265 3754 colligendis
282 3627 469 3721 sarcinis,
515 3640 555 3713 &
580 3628 784 3714 manfione
812 3631 885 3716 hac
913 3628 1024 3709 labo-

650 3767 690 3850 G
730 3791 750 3876 3
939 3794 1026 3852 rurn
