2646 4448
226 143 291 246 ab
341 145 406 246 D'.
429 141 483 240 Ε.
510 137 909 242 BEKNAKD'I
951 145 992 240 V
1004 131 1135 242 ITA.

223 308 340 393 maeli
365 304 565 405 Rullialdo,
592 305 750 388 Danieli
781 306 938 404 lluetio,
965 307 1043 417 jam
1067 321 1233 394 terebru-

201 415 374 520 ,diffimo
404 415 598 528 Episcopo
627 415 860 519 Abrincenfi,
895 414 1069 522 Johanni
1100 414 1234 498 Mabil·

224 531 348 628 ionio,
391 528 591 614 Pascbafio
615 527 836 630 QuesnellO,
876 529 1036 612 Andreae
1061 528 1232 626 Dactrio,

224 637 390 726 Eusebio
409 645 655 736 Renaudot0,
686 635 845 748 aliisque
869 635 995 722 corim
1015 640 1227 737 innotuerit,

224 773 392 860 quorum
411 753 575 836 amicitii
593 754 633 832 bc
648 750 830 834 familiari
844 747 1140 834 conversatione
1155 748 1226 832 usur

223 863 287 948 est.
342 861 388 948 ld
405 862 496 946 verb
514 863 707 970 temporis,
732 863 838 970 quod
850 889 898 946 ex
916 862 1157 972 quotidianis
1172 885 1227 944 nt·

248 974 342 1056 otiis
361 977 547 1084 reliquum
568 971 813 1081 superfuerit,
845 975 886 1054 in
915 975 1154 1084 excutiendis
1179 973 1230 1056 lii·

221 1001 506 1172 bliotbecarum
521 1088 671 1183 forulis,
702 1086 817 1194 inque
830 1082 1026 1168 codicibus
1051 1088 1149 1168 MSS.
1166 1109 1231 1191 op-

223 1197 325 1280 timae
344 1221 457 1292 uotae,
486 1205 526 1282 bc
543 1198 933 1306 ptimaenntiquiraris,
962 1197 1230 1296 examinandis,

222 1305 480 1405 conserendis,
507 1315 547 1394 &
566 1305 819 1392 exscribendis
837 1306 1142 1414 impendebatur.
1179 1313 1231 1416 lg·

224 1444 316 1502 neus
334 1422 439 1504 enim
463 1420 531 1502 iste
549 1419 669 1502 animi
700 1419 827 1526 vigor,
856 1419 1122 1527 pertinaxque,
1160 1443 1230 1525 qun

224 1526 347 1616 bonas
359 1531 485 1614 literas
499 1525 809 1640 prosequebatur,
828 1527 1001 1628 studium,
1020 1557 1108 1612 non
1121 1531 1228 1628 illum,

223 1641 424 1726 obstaculis
441 1640 721 1753 quibuscunque
754 1640 980 1750 interpositis
996 1637 1228 1750 objedisque,

223 1751 400 1851 destituit,
420 1753 499 1836 imb
513 1751 559 1836 eb
574 1749 775 1862 impensius
787 1755 920 1848 crevit,
945 1755 1057 1860 quod
1074 1755 1118 1834 in
1134 1749 1225 1834 Urbe

222 1865 303 1959 illa,
335 1869 395 1944 vel
415 1867 548 1947 veteris
571 1868 703 1946 Romae
729 1860 785 1944 ob
809 1865 1040 1967 palatiorum
1071 1858 1225 1973 magnii·

222 1977 386 2056 centiam
420 1981 459 2060 8<
485 1976 741 2084 elegantiam,
775 1973 829 2058 ob
856 1975 1004 2070 statuas,
1027 1979 1226 2070 columnas,

223 2113 270 2170 ac
290 2090 479 2170 caelaturas
501 2083 642 2170 affabre
659 2083 880 2180 elaboratas,
913 2105 977 2168 aut
1021 2089 1177 2196 uicquid
1193 2087 1226 2168 in

223 2199 331 2278 omni
362 2201 500 2280 artium
528 2223 662 2309 genere
693 2194 840 2278 curiosa
874 2201 914 2283 bt
948 2113 1061 2280 dodra
1096 2221 1227 2292 manus,

224 2309 406 2418 quicquid
456 2312 496 2390 in
541 2310 649 2390 omni
700 2306 935 2390 scientiarum
978 2335 1120 2416 genere
1157 2305 1227 2390 sub

224 2421 314 2502 lime
350 2424 390 2501 ὃ(
428 2418 539 2501 solers
572 2420 769 2518 ingenium
786 2418 925 2501 efficere
942 2425 1059 2516 valet,
1097 2421 1228 2512 amula,

225 2533 265 2612 8<
283 2529 470 2638 ejusmodi
485 2529 846 2611 subsidiisliterariis
866 2528 1132 2640 mercibusque
1151 2555 1227 2612 con

225 2661 282 2724 tra
293 2667 424 2723 aurum
441 2647 479 2724 δ(
491 2668 656 2752 gemmas
666 2640 889 2734 aestimandis
901 2637 1225 2738 abundaxriffina,

224 2749 307 2850 fibi,
339 2754 422 2835 saro
451 2751 600 2860 prorsus
622 2753 758 2857 iniquo
777 2755 815 2831 bc
842 2753 1046 2860 malignO,
1069 2755 1139 2835 diu
1162 2775 1229 2838 non

223 2860 533 2946 morandumesle
553 2890 644 2944 mox
664 2859 897 2969 praevidisset.
931 2865 1150 2948 Secundum
1166 2865 1229 2942 hot

224 2975 268 3058 in
286 2977 452 3081 aliquam
471 2976 591 3057 laudis
609 2995 767 3082 partem,
802 2976 888 3055 licet
905 2973 1026 3082 gradu
1046 2975 1228 3068 inferiori,

224 3088 355 3166 venire
373 3085 497 3186 deber,
525 3089 628 3166 illum
648 3112 726 3165 non
752 3111 908 3192 parvam
927 3083 1119 3170 librorum
1142 3086 1229 3194 rupit

226 3192 504 3303 impressorum,
530 3199 718 3307 quierant
738 3197 893 3306 optimae
908 3194 1107 3294 editionis,
1133 3201 1171 3278 ἃ
1184 3192 1229 3278 ob

224 3311 414 3390 raritatem
446 3307 758 3415 &praestantiam
791 3327 942 3416 repertu
969 3306 1161 3406 difficiles,
1194 3310 1226 3386 br

226 3418 384 3501 maximi
404 3420 445 3500 in
471 3439 552 3500 rora
577 3420 717 3500 artium
743 3420 783 3497 ὃ(
810 3416 1048 3501 scientiarum
1068 3419 1223 3525 encydo

225 3531 349 3638 pallia
369 3528 468 3629 usus,
504 3533 670 3634 copiam,
687 3527 735 3610 ad
756 3529 952 3613 ditandam
969 3525 1078 3614 suam
1100 3529 1218 3614 Biblio-

226 3644 389 3738 thecam,
433 3637 633 3749 collegille.
699 3647 899 3748 Quantum
933 3637 989 3722 sui
1018 3640 1217 3723 desiderium

229 3748 310 3856 ipse
345 3753 422 3832 illic
449 3754 652 3861 reliquerit,
688 3755 727 3836 ὃ(
761 3777 874 3858 quam
901 3751 997 3859 perse
1022 3750 1220 3836 immodicis

227 3859 403 3948 laudibus
430 3864 530 3948 illius
557 3864 598 3946 in
630 3862 813 3976 Angliam
842 3859 1083 3954 abiturieutis
1112 3863 1223 3946 mode·

1089 3969 1223 4060 destian
