2646 4448
180 107 249 237 46
285 103 350 204 t).
379 77 1102 197 enuntiatorium.

178 293 276 352 vero
304 267 457 376 longius
485 265 631 348 metitis
657 237 885 361 inferiorem
911 261 1067 376 singuiis
1090 249 1207 350 annis

177 379 414 463 dosioraleiu
435 388 643 488 purpuram
656 371 1001 476 induisse'vidiiset‚
1019 375 1209 462 damnosa

175 494 243 574 issa
265 517 309 574 ac
328 491 511 604 pertinaci
532 486 718 570 modestia'
741 499 838 615 aegre
857 491 1091 600 expugnati,
1111 514 1211 602 prae-
1256 503 1261 512 '

178 603 274 686 stitis
292 626 366 712 pro
393 624 503 684 more
522 596 673 684 solenni
699 602 903 701 exercitiis,
938 601 988 684 ad
1014 597 1207 685 summum

175 717 216 798 in
237 716 455 824 Theologii
483 713 660 823 gradum,
688 737 801 822 quem
820 714 902 823 jure
924 715 1085 824 optimo
1118 733 1201 798 ante

174 820 1199 925 multosannosambiisselicuissentticefimodieosto-

173 935 254 1022 bris
270 937 374 1021 istius
395 937 487 1019 anni
508 941 770 1046 promovetur.
802 941 919 1018 Anno
933 939 1200 1022 MDCXCI.

173 1075 222 1132 ex
241 1049 379 1160 infigni
405 1051 530 1160 ‘gratii
556 1055 596 1133 ὅ(
611 1047 745 1152 savore
763 1043 900 1130 summi
928 1046 985 1128 sui
1006 1051 1139 1133 Amici
1162 1055 1204 1132 8<

172 1163 348 1263 Patroni,
378 1165 432 1243 D.
462 1162 562 1244 Petri
584 1160 766 1259 Mewesii,
794 1159 1075 1246 Wintoniensts
1094 1161 1205 1274 Epis·

174 1277 280 1384 co'pi,
307 1276 447 1386 opimo
472 1271 686 1356 sacerdotio
702 1268 776 1352 five
798 1272 1023 1372 Reuoratu,
1057 1296 1101 1356 ut
1117 1296 1203 1357 mu·

171 1389 330 1499 nicipali
347 1383 541 1469 vocabulo
556 1407 652 1487 utar,
681 1385 875 1494 parochiae
899 1383 948 1465 de
971 1387 1203 1495 Brightweil

171 1499 215 1580 in
251 1526 347 1610 agro
379 1495 626 1580 Berchetienfi
655 1496 821 1579 donatus
841 1495 916 1595 est,
944 1523 1059 1606 quem
1081 1501 1202 1610 pleno

174 1607 485 1710 ‘ureistaaestate,
513 1607 801 1691 diviteannond
816 1609 1003 1720 percepti,
1033 1609 1201 1720 posside-

172 1639 253 1805 drat.
310 1721 513 1833 Oppidum
534 1721 629 1803 illud
649 1745 729 1804 non
758 1717 827 1802 nifi
852 1747 995 1802 novem
1019 1723 1199 1804 milliari·

171 1833 242 1917 bns
257 1831 307 1917 ab
325 1834 491 1917 Oxonio
517 1833 640 1934 distat,
668 1833 841 1914 adeo‘ut
864 1833 946 1942 pati
977 1837 1195 1916 commodi-

172 1968 338 2028 taceant
370 1948 433 2028 hic
454 1966 518 2026 aut
547 1946 625 2026 illic
650 1969 723 2052 pro
750 1944 898 2026 diversa
923 1947 1195 2051 tempestatum

171 2059 264 2140 anni
290 2060 440 2140 ratione
460 2059 601 2138 motari
629 2053 761 2164 posset.
821 2056 1059 2139 Retinendas
1089 2060 1195 2141 enirn

170 2170 266 2252 ades
293 2169 532 2251 oxonienses
561 2189 642 2248 tum
672 2168 734 2250 iile
763 2184 846 2248 tum
864 2171 976 2251 amici
1005 2169 1198 2272 censuere,

170 2309 250 2364 non
281 2301 408 2363 tamen
430 2280 535 2363 sacro
555 2305 721 2377 munere,
750 2279 856 2389 quod
883 2279 964 2390 ipse
984 2279 1082 2390 saepe
1106 2309 1196 2392 pra·

169 2390 301 2489 stabat,
317 2393 502 2504 negiesio²
522 2395 610 2473 licet
625 2391 845 2473 facultatem
861 2395 985 2475 virum
1003 2391 1195 2476 idoneum

168 2504 216 2586 ad
245 2501 356 2616 ipslus
377 2505 541 2588 absentis
562 2507 661 2586 vices
681 2501 912 2611 supplendas
937 2502 1189 2588 substituendi

168 2627 216 2696 ex
236 2618 396 2698 formuii
423 2619 513 2725 jtttis
542 2613 781 2696 Ecclefiastici
807 2613 1047 2724 impetttisset.
1115 2623 1193 2700 Hac

168 2725 269 2810 boni
287 2727 383 2810 sorte
409 2729 618 2809 admodum
640 2729 745 2827 sciit,
775 2729 867 2808 inde
887 2729 1073 2810 nimirum
1088 2757 1194 2812 novt

166 2840 378 2922 studiorum
407 2839 563 2922 subsidia
588 2843 627 2917 ot
648 2838 783 2920 solatia
804 2843 1004 2947 petiturus,
1037 2845 1080 2921 8<
1103 2847 1187 2950 jam,

165 2949 254 3033 cim
289 2973 401 3034 antea
437 2953 491 3032 rei
521 2950 717 3032 snmiliaris
744 2950 939 3061 augustin,
974 2952 1075 3035 dum
1109 2957 1189 3035 aliis

165 3065 280 3144 iverit
299 3063 547 3171 ptospcdium‚
579 3089 675 3170 pene
691 3061 886 3171 oppressus
905 3061 1121 3164 videretur,
1144 3065 1161 3146 s
1178 3107 1194 3128 ·

165 3174 351 3257 nesintem
392 3179 546 3283 corpori
592 3175 769 3255 invalido
801 3200 893 3257 mox
928 3174 1194 3260 incubituram

165 3285 409 3370 commodius
429 3283 639 3394 lentiusque
656 3289 893 3369 toleraturus.
935 3289 1062 3368 Post*
1076 3292 1197 3373 trien-

165 3401 273 3480 ninm
290 3399 491 3504 Virginem
502 3397 599 3479 bene
620 3418 808 3478 moratam
829 3399 869 3480 in
890 3401 1191 3501 uxoremdnxir,

163 3538 249 3593 cum
269 3536 344 3619 qua
365 3511 463 3589 vixit
484 3506 795 3591 amantissime&
817 3509 1099 3618 jucundissime.
1154 3516 1187 3592 Si

163 3624 232 3733 qui
256 3645 380 3703 autern
411 3618 525 3705 hasce
550 3622 706 3730 nuptias
736 3627 923 3730 ttinquam
954 3623 1071 3732 ipsrus
1094 3625 1187 3706 aetnti

165 3795 332 3810 m
341 3795 1178 3820 *Ἀ--αι-ι--ι-σ--ᾐωψ

465 3877 482 3918 *
502 3872 625 3952 Augusto
643 3877 680 3933 M.
694 3875 748 3933 DC.
761 3876 819 3933 XC.
832 3876 882 3933 111.
