2570 4462
258 235 341 336 ,ta
376 201 1069 331 counnuoar'ttrlaorr,
1094 239 1168 334 aa.

255 355 394 429 audacia,
414 373 480 432 quae
505 351 680 432 tucioritate
700 371 752 418 tua
773 369 845 422 non'
857 359 1055 436 reprimatur:
1077 379 1136 424 nec
1157 361 1244 426 Aca·

255 435 361 499 demiae
378 431 454 494 salus
465 449 525 516 tam
538 433 634 508 jacens
648 433 678 495 δι
700 432 840 518 deposita,
858 453 924 514 quae
937 455 995 516 ope
1004 453 1056 498 tua
1074 457 1135 500 non
1148 439 1243 504 facile

254 517 395 592 erigatur.
413 509 589 576 FaxitDeus
601 513 733 592 optimus
744 511 890 575 nutrimur
901 529 938 576 ut
946 532 977 576 te
989 514 1243 580 summuml’rin-

255 587 683 732 {ifffffificfioafflsse'tm
707 589 938 668 cancellarium,
961 593 1055 658 literis
1073 595 1240 661 Patrontun

278 691 289 730 t
326 693 336 730 ι
581 715 587 728 .

361 1050 365 1057 ,
550 952 803 1032 aaran·
839 925 1004 1028 xxa?

450 1093 880 1164 HONORATISSIMO
919 1091 1042 1160 VIRO
1136 1157 1138 1162 .

261 1165 265 1172 ’
358 1199 1128 1316 D.Tn.WnrotrrnsLnto,

183 1310 187 1322 ’
253 1347 954 1424 aucam-carucatarum
1002 1341 1239 1426 tlt-nono,

371 1445 640 1512 neroniano
678 1443 1144 1520 canananroreans,

331 1619 334 1626 ,
449 1541 506 1618 Et
524 1539 704 1616 literarum
714 1540 859 1612 Patrono
872 1539 1030 1612 maximo.

547 1701 640 1757 tao
671 1697 960 1780 renouata„

325 1835 353 1902 Χ
370 1831 468 1896 literis
484 1849 560 1910 ,quas
572 1849 667 1912 nuper
681 1829 716 1892 'ad
731 1831 933 1907 Academiam,
952 1833 1052 1912 Regia
1073 1831 1238 1910 Maiestatis

348 1911 513 1974 Consiliarii
539 1908 703 1983 dederunt,
734 1911 954 1990 intelligimus,
988 1910 1144 1976 clarillime
1170 1914 1237 1986 vir,

252 2008 398 2070 quaramm
417 1988 569 2070 Oppidani
592 1985 703 2060 nostri,
721 2005 829 2050 conatu
850 1989 980 2067 quodam
1004 2007 1100 2063 novo,
1123 1989 1174 2052 sed
1188 2008 1239 2052 ana

251 2071 340 2148 tique
351 2069 406 2129 seo
419 2088 502 2127 more
515 2067 545 2128 dr
557 2065 713 2143 instituto,
722 2068 935 2139 laboraverunt,
953 2083 990 2128 ut
999 2069 1099 2130 omnis
1111 2069 1238 2132 illorum

251 2145 386 2226 sumptus
396 2147 428 2206 in
440 2165 501 2209 rem
514 2146 672 2206 militarem
683 2143 837 2208 faciendus
848 2145 1015 2206 Academie
1033 2161 1164 2222 equare
1177 2148 1239 2208 illia

250 2225 460 2310 imponeretur.
500 2223 578 2300 Quo
588 2221 684 2286 caulla
698 2225 819 2286 illorum
838 2221 969 2286 constare
982 2226 1106 2284 minime
1116 2223 1237 2306 potesta

249 2323 321 2362 cum
333 2323 366 2368 ee
377 2305 478 2363 omnis
489 2300 603 2384 duplici
613 2301 807 2364 fundamento
821 2303 936 2363 nititur.
970 2319 1099 2381 quorum
1109 2305 1238 2366 demum

236 2395 355 2440 -verum
380 2377 528 2454 nonest,
560 2381 684 2441 alterum
710 2379 871 2442 admodum
898 2381 1093 2442 imbecillum.
1134 2383 1239 2455 Nam,

145 2502 146 2505 ,
251 2457 335 2538 maed
355 2457 393 2519 de
414 2457 628 2520 consuetudine
649 2458 795 2533 adferunt,
816 2475 961 2536 quantum
985 2479 1040 2520 nos
1052 2477 1088 2520 ex
1102 2457 1161 2533 his,
1183 2463 1240 2540 qui

252 2539 347 2602 multa
373 2536 505 2616 provecti
529 2553 623 2609 etate,
640 2539 859 2618 multos‚armos
878 2537 910 2597 in
926 2536 1085 2599 Academia
1099 2555 1239 2617 pennan-

250 2616 367 2688 serunt,
385 2617 490 2676 elicere
509 2615 647 2691 quimus:
675 2616 720 2674 vel
735 2631 879 2692 quantum
892 2617 1024 2677 exomni
1045 2615 1241 2694 superiorum

252 2709 424 2772 temporum
436 2695 586 2766 memoria,
596 2693 626 2754 &
638 2711 901 2755 monumentorum
915 2692 1081 2755 nostrorum
1094 2695 1240 2762 murium

252 2773 430 2850 antiquitate
447 2773 588 2849 colligere
610 2766 780 2849 possumus,
805 2771 881 2832 nihil
906 2775 964 2833 tale
984 2786 1117 2850 unquam
1129 2773 1165 2832 in
1183 2773 1240 2835 usu

181 2847 188 2860 ¹
248 2849 327 2926 apud
347 2867 401 2930 nos
427 2849 552 2928 positum
572 2849 641 2912 fuit.
681 2850 724 2910 Ex
735 2851 789 2910 illo
802 2869 871 2910 vero
885 2850 1022 2922 decreto,
1042 2867 1104 2942 quo
1118 2851 1242 2914 Aoede-

251 2928 351 2999 miam,
378 2926 414 2986 ad
427 2946 496 2989 eum
503 2973 515 3006 ,
534 2945 605 2988 cum
619 2925 801 3008 oppidanis,
819 2927 969 3007 sumptum
989 2925 1184 3008 partiendum
1197 2945 1242 2992 te·

250 3007 316 3071 neri
329 3005 535 3076 contendunt,
553 3006 671 3066 facilius
696 3005 845 3082 conjicere
870 3004 1028 3084 pollumua,
1047 3021 1165 3084 quanto
1181 3007 1242 3072 stu·

252 3080 304 3141 dio
315 3099 426 3144 veteres
436 3083 481 3142 illi
496 3087 644 3144 vexatores
655 3085 765 3162 quietis
778 3081 889 3154 nostrae,
913 3084 948 3144 ad
959 3081 1150 3146 Academiam
1176 3103 1242 3166 per·

250 3159 426 3221 turbandam
452 3159 640 3234 incumbunt,
661 3171 750 3238 quani
764 3161 834 3238 quid
860 3163 1018 3224 Academia
1042 3163 1072 3224 dc
1088 3163 1192 3223 Musa
1205 3161 1240 3224 ad

251 3236 322 3298 belli
335 3239 413 3298 viret
425 3235 632 3312 sustentandas,
651 3239 786 3301 conferre
807 3239 871 3301 ullo
883 3241 973 3302 modo
986 3239 1098 3301 debeat.
1139 3241 1241 3319 Quod

251 3317 386 3394 profeilo
410 3315 578 3390 decretum,
599 3317 686 3398 srpro
708 3339 741 3376 en
764 3338 795 3378 re
809 3335 937 3395 unquam
958 3322 1116 3397 quicquam
1136 3319 1241 3386 facete

250 3391 408 3480 potuillet3
432 3411 511 3454 certe
524 3395 675 3474 Oppidani
690 3394 789 3466 nostri,
809 3396 942 3458 homines
956 3395 991 3456 ad
1002 3397 1082 3458 suam
1096 3417 1159 3458 rem
1175 3413 1240 3462 tarn

251 3474 357 3532 attenti
380 3473 588 3542 excubatores.
610 3476 643 3533 in
657 3473 847 3534 Academiam
860 3492 919 3536 tam
933 3477 1040 3536 intenti
1059 3475 1179 3554 semper
1190 3476 1241 3538 ad·

253 3548 380 3622 versarii,
400 3551 430 3608 in
443 3565 522 3609 tanta
535 3567 704 3628 temporum
724 3555 954 3629 opportunitate,
974 3556 1006 3614 in
1019 3569 1079 3614 tam
1096 3551 1184 3630 justa,
1203 3569 1241 3616 ut

251 3627 304 3703 ipli
315 3627 427 3697 ferunt,
446 3623 553 3699 caulla3
578 3647 648 3687 cum
663 3629 692 3688 δι
706 3628 918 3700 iniustillimam
930 3649 1077 3708 quamque
1091 3648 1241 3694 attentare

252 3703 386 3780 audeant,
401 3721 472 3778 ¹tatu
486 3705 630 3770 diuturno
650 3708 764 3775 silentio
783 3708 918 3774 obrutam
931 3711 1096 3775 delitescere
1107 3712 1240 3776 minime

892 3807 895 3816 ,
1169 3807 1240 3872 pes,
