2576 4464
101 280 105 288 Ι
216 187 334 288 Ι416
427 165 1026 275 JOANNtssTURMII

262 307 320 370 mis
341 301 496 380 implicari.
534 299 612 362 Nam
624 297 695 362 veni
706 289 822 354 cordus
834 291 867 352 in
882 287 956 351 hanc
970 289 1082 362 urbem,
1101 309 1137 350 eo
1152 288 1254 352 anime

263 401 299 445 ut
321 399 391 442 cum
413 378 543 458 primum
565 375 692 453 negotia,
709 387 745 431 ut
765 368 934 441 arbitrabar,
954 367 1051 428 facilia
1072 367 1252 443 expedirem,

264 461 410 520 continuo
432 476 480 516 me
503 455 535 514 in
548 451 706 514 Dioicesrm
725 457 817 508 meam
833 448 1003 537 reciperen.
1042 445 1086 505 At
1098 443 1251 536 postquam

266 537 327 598 huc
348 555 395 594 me
417 533 542 604 conmli‚
561 531 599 592 iic
623 523 770 610 oppressus
789 541 916 600 negotiis
928 523 985 594 sur,
1005 537 1039 582 ut
1051 541 1249 600 cupramavo-

264 617 333 686 lare,
351 633 397 683 ne,
417 610 489 670 dum
511 609 604 670 aliena
628 625 710 679 curo,
728 623 792 664 mea
805 602 941 673 deseram,
964 600 994 661 dr
1006 599 1045 659 ob
1057 598 1100 674 id,
1122 599 1248 678 ine'xpia.

266 693 322 752 bili
340 687 454 766 flagitio
466 707 513 748 me
526 673 624 766 ipsuin
637 683 842 746 contaminem.
867 679 985 755 deaque
1005 679 1107 754 cogito
1133 677 1249 757 precisis

267 767 410 830 anchoris⁴
419 766 482 826 vela
493 766 597 836 facere,
617 763 646 824 δι
659 783 695 822 eo
707 757 794 830 unde,
814 754 1047 836 profectuosum,
1060 754 1185 816 cursum
1192 775 1248 816 rur·

269 847 319 910 sus
344 843 503 934 instituere.
544 843 615 904 Non
627 840 720 900 deerit
731 853 838 910 nmen,
858 837 911 924 qui¹
924 831 998 924 mihi
1010 833 1043 892 in
1057 829 1248 924 Aigarbieesm

265 917 716 1076 iiiiiissffiiiihiisimmiiis,
730 907 1248 1070 sisasitsiffasiissdffi

267 1078 383 1155 sequor,
402 1093 437 1136 ut
461 1074 582 1154 possum.
622 1069 822 1133 Gratissimum
835 1067 909 1128 mihi
921 1066 1036 1137 feceris,
1053 1065 1247 1128 sriibrumdi·

170 1175 172 1178 '
267 1155 396 1236 ligenter
415 1155 573 1214 evolueris.
611 1148 761 1230 Olyfflrpmae
786 1143 970 1205 V1.Cale'nd.
983 1144 1151 1204 Novembris.

287 1289 1240 1328 W

527 1345 749 1473 orrsr
801 1387 1002 1466 xmmnr

274 1503 277 1511 Δ
350 1505 351 1508 ¹
475 1547 1043 1621 crnnrssrmovrno,

269 1653 551 1806 DOMINO
593 1659 866 1784 Romano
913 1659 1245 1768 Ascuamo,

360 1803 1103 1904 ']0ANNEssTURM1Ue

273 1949 393 2106 Ml
412 1923 547 2034 Aschaine,
560 1956 658 2018 amabo
672 1973 711 2028 te,
732 1975 793 2016 ama
803 1975 869 2017 me:
892 1956 920 2018 δι
932 1957 1067 2036 ignosce,
1090 1933 1173 2034 cuod
1187 1969 1245 2016 toto

400 2032 455 2095 hoc
476 2036 597 2095 bienni'o
610 2035 658 2094 vel
681 2031 766 2105 nihil,
787 2035 834 2094 vel
846 2036 989 2112 exiguum
999 2033 1159 2096 admodum
1174 2032 1208 2093 ad
1220 2050 1246 2094 te

271 2112 444 2190 scripserim.
483 2115 525 2172 Ita
549 2129 596 2173 me
619 2113 727 2188 Royon‘a
749 2117 862 2169 Domina
892 2113 1002 2173 niultos
1033 2113 1091 2186 jam
1114 2111 1243 2182 menses,

272 2192 335 2250 imo
357 2209 467 2250 annum
480 2191 508 2250 δι
522 2192 646 2268 amplius
665 2210 719 2249 aere
732 2187 785 2253 suo
798 2207 911 2249 exercet
934 2191 1039 2262 alieno,
1065 2206 1101 2250 ut
1126 2189 1246 2250 omnino

273 2288 344 2327 meae
365 2269 455 2328 literae
470 2269 498 2328 δι
512 2269 614 2342 Musoe,
636 2288 697 2338 non
710 2267 803 2326 solum
826 2266 933 2340 sileant,
951 2266 1001 2326 sed
1013 2267 1043 2326 lu
1066 2283 1135 2328 eant
1149 2267 1246 2326 etiam.

272 2345 319 2404 De
333 2345 387 2405 hoc
399 2366 466 2405 meo
479 2367 595 2424 angore,
614 2345 770 2420 cognosces
783 2365 816 2402 ex
828 2349 962 2416 Germano,
982 2346 1035 2420 qui
1047 2286 1097 2405 {aa
1111 2341 1245 2404 reddidit.

272 2425 342 2482 item
356 2421 393 2482 de
406 2425 508 2484 ceteris
528 2426 601 2484 meis
614 2424 698 2484 rebus
722 2422 867 2482 omnibus.
900 2441 956 2499 ego
968 2437 1068 2484 tecum
1081 2423 1157 2493 sum,
1179 2440 1245 2482 cum

274 2500 322 2562 hic
336 2503 509 2561 erittccum.
549 2501 655 2561 Oro'te
668 2499 738 2559 adsis
749 2501 774 2558 ei
789 2499 864 2575 apud
888 2517 937 2558 eos
958 2499 993 2556 ad
1015 2517 1089 2575 quos
1101 2501 1194 2574 miii:
1213 2515 1245 2558 ut

274 2595 373 2654 gratus
387 2580 420 2638 sit
434 2596 520 2656 atque
543 2595 687 2654 acceptus.
728 2577 774 2636 Sic
787 2579 868 2636 enim
881 2577 926 2636 ini
951 2580 1058 2656 recepi.
1097 2577 1244 2637 Summam

273 2656 351 2731 sp'em
363 2657 482 2736 positam
497 2657 587 2716 habeo
598 2658 629 2715 in
639 2654 770 2715 Domino
783 2655 870 2732 Catia,
882 2655 910 2714 δι
926 2653 1055 2715 Domino
1064 2656 1168 2733 Halrfio.
1182 2655 1245 2714 situ

275 2735 417 2793 excitator
441 2731 594 2804 accesseris,
613 2754 672 2792 non
686 2731 790 2791 dubito
804 2731 877 2808 quin
899 2731 1002 2792 fasturi
1014 2734 1102 2808 sitis:
1122 2752 1184 2811 quo
1194 2737 1246 2787 Ga·

274 2816 374 2866 mata'us
386 2807 480 2870 noster
492 2819 642 2889 receptum
661 2812 774 2868 bonum
796 2808 905 2881 habeat,
924 2809 959 2868 ad
980 2817 1123 2886 Reginam,
1144 2807 1246 2870 Domi·

271 2905 346 2944 num
370 2891 507 2944 Robcrtum
543 2891 699 2958 maslaum,
734 2887 763 2946 dc
794 2887 959 2946 Dominum
986 2893 1115 2948 eccistam.
1160 2886 1243 2966 Jefus

271 2961 406 3095 Christus·
416 2986 468 3027 vos
481 2987 582 3033 omnes
607 2963 743 3056 defendat
756 2979 843 3042 atque
863 2964 1029 3044 amplificet.
1068 2965 1151 3026 Vale.
1191 2971 1242 3022 Ar·

267 3059 319 3112 gan
334 3056 415 3102 tract.
502 3069 504 3074 ·
1081 3056 1110 3065 '¹
