2604 4462
228 224 534 330 Eureronn
571 223 870 338 Sunncrn.
995 255 1051 336 71

44 351 271 488 interillos
288 426 331 486 cs
354 428 458 512 quos
474 397 590 496 isthic
609 395 765 498 summo
782 363 919 508 antone
939 397 1060 504 studi·

43 565 163 650 oque
181 538 300 628 colo,
335 563 594 650 necunquam
616 536 729 622 hac
716 563 760 618 rn
779 559 892 646 parte
917 537 1057 626 animo
1103 647 1106 654 Ι

21 674 308 766 tsaosfecenm
330 701 453 765 meo,
501 675 599 791 quin
620 673 738 764 vobis
758 671 800 757 id
818 674 992 800 pulani
966 673 1057 762 scri-

43 838 128 927 pto
154 815 340 910 testatum
364 811 536 913 faciam,
583 809 779 928 siquidem
811 837 856 906 re
882 813 992 925 ipsa
983 843 1055 902 nc

45 979 175 1065 queo.
246 951 390 1040 Dicam
426 980 507 1066 ego
544 979 633 1048 cunt
655 950 818 1046 Plinio
819 977 943 1050 meo,
990 981 1055 1051 me

48 1116 222 1183 omnes,
251 1089 320 1200 qui
355 1089 535 1202 aliquid
523 1119 566 1176 tn
584 1087 720 1177 studiis
737 1085 939 1223 literisque
956 1117 1055 1221 prae-

55 1227 187 1328 stant,
204 1227 381 1314 venerati
394 1228 627 1338 mirarique,
645 1225 803 1348 qclicet
821 1253 896 1312 nec
909 1253 984 1355 per
1000 1256 1049 1322 ct·
1068 1271 1072 1278 ·

53 1386 205 1460 tatem,
239 1393 314 1452 nec
332 1394 426 1492 per
425 1365 629 1480 inscitiarn
647 1352 867 1477 quidquam
882 1387 1053 1465 attentu-

54 1533 97 1590 re
116 1504 294 1596 valeam,
329 1531 403 1592 vos
428 1525 561 1590 tamen
579 1531 721 1588 omnes
749 1505 907 1620 quibus,
928 1500 1032 1602 Mus
1036 1529 1054 1582 s

54 1631 158 1730 bene?
174 1638 432 1733 faventibus,
484 1635 632 1725 litteris
650 1641 773 1754 operi
799 1626 954 1724 vestra
939 1664 1050 1746 Juva-

50 1806 95 1862 rc
114 1777 299 1864 felicibus
314 1777 448 1865 datum
465 1779 521 1862 est
537 1779 785 1869 succentus,
806 1777 921 1863 laude
931 1781 1060 1861 etiam·

54 1939 179 2028 atque
204 1911 502 2004 immortalitate
527 1915 674 2029 dignos
696 1916 891 2010 existimo.
965 1915 1051 2002 Res

56 2052 231 2140 difficilis
242 2055 409 2168 quippe,
419 2052 537 2138 ardua
552 2083 598 2138 ac
615 2051 833 2148 fastidion,
853 2054 932 2138 hoc
951 2081 1049 2166 praa,

52 2191 188 2277 sertim
220 2189 381 2286 scano,
426 2218 510 2302 quo
552 2194 714 2304 ingenia
760 2194 1051 2304 quamplurima

4 2401 18 2430 ,
50 2329 263 2441 carpendis
290 2359 335 2414 ac
360 2329 638 2444 subsannandiu
665 2331 832 2414 aliorum
847 2329 1050 2416 laboribus

53 2489 146 2554 nata
163 2466 225 2550 nii
244 2465 318 2553 nili
335 2467 446 2584 quqd
465 2465 539 2578 ipsi
557 2463 721 2550 fecerint
737 2464 905 2576 ¹laudant
931 2444 1050 2578 atque

53 2606 244 2718 probant,
296 2602 406 2690 Istud
426 2635 475 2689 ex
501 2633 636 2690 arnorc
670 2633 761 2689 mco
795 2631 887 2718 erga
901 2606 1050 2705 litteras

52 2743 183 2826 scribo
200 2795 215 2837 ‚
259 2751 300 2826 &
316 2772 365 2829 ex
382 2741 666 2856 indignatione
691 2770 809 2852 quam
828 2743 929 2825 mihi
947 2744 1051 2853 pari—

54 2904 127 2966 unt
144 2877 220 2964 feri
236 2879 299 2964 isti
318 2901 437 2991 atque
471 2877 609 2963 hirsuti
633 2869 809 2964 censores
832 2909 840 2957 :
887 2881 986 2966 absit
1005 2903 1049 2963 ut

58 3015 179 3128 quod¹
193 3019 278 3130 ipse
301 3017 481 3128 praestare
506 3043 663 3126 nequeo
692 3018 784 3102 ideo
810 3045 967 3128 carpam
983 3042 1050 3102 aut

56 3155 258 3270 negligam
265 3191 279 3247 3
315 3181 453 3238 verum
472 3156 660 3264 quamdiu
673 3155 829 3240 auditor
846 3157 1050 3266 lestorque

51 3314 208 3378 tanturn
219 3291 352 3399 fuero,¹
363 3294 537 3380 mirabor
553 3315 673 3408 atque
692 3293 831 3381 colam.
902 3297 1051 3404 Aliqua

44 3430 159 3531 mihi
176 3429 387 3544 quaerenda
407 3430 485 3539 fuit
500 3431 693 3546 scribendi
713 3430 919 3522 materies,
955 3437 1050 3516 aliis
1082 3457 1085 3466 ’

43 3570 273 3668 siluiffim,
306 3591 427 3685 atque
448 3598 537 3682 earn
565 3569 727 3682 quidem
749 3599 837 3684 quae
857 3572 985 3682 primu
1003 3568 1052 3652 ad

611 3709 646 3794 E
679 3734 713 3814 4
967 3738 1054 3793 acu·
