2702 4442
190 181 254 319 58
290 185 355 281 D.
382 177 870 279 Ε.ΒΕΚΝΑΚΙ)Ι
909 176 1113 282 VITA.

242 348 385 431 Miram
418 345 498 454 ejus
523 345 800 428 humanitatem
834 346 984 455 experti
1021 344 1111 429 sunt
1141 343 1217 428 Ad·

187 487 306 558 venae,
333 477 529 571 quotquot
556 457 659 540 fama
685 454 914 541 celebritatis
939 459 1018 541 loci
1047 477 1119 539 aut
1142 459 1216 542 siu·

185 573 340 656 diorum
369 571 471 651 ratio
501 571 704 652 Oxonium
737 568 982 653 invitaverat.
1049 574 1217 671 Omnes,

187 681 263 765 srve
287 682 500 765 amicorum
525 681 646 764 literis
666 681 941 782 commendati,
968 677 1044 764 live
1061 684 1219 795 proprii

185 797 330 880 virtute
343 799 382 878 bt
402 794 518 906 genio
534 789 674 894 confili,
711 795 821 874 illum
841 815 1026 906 tanquam
1043 820 1219 878 commu·

186 931 276 991 nem
303 907 527 1006 Patronum,
566 905 702 1015 quidni
732 903 910 1008 dixerim,
948 927 1142 1019 taqquam
1177 911 1216 990 dc

186 1022 400 1103 Oraculum
414 1022 454 1100 &
472 1017 711 1127 Magistrum,
727 1015 901 1120 adibant,
917 1019 988 1098 vix
1001 1017 1079 1101 suae
1089 1018 1219 1102 existi-

186 1133 353 1215 mationi
374 1128 456 1242 post
471 1129 634 1213 reditum
652 1131 692 1210 in
715 1131 889 1239 patriam,
919 1131 987 1211 vix
1009 1129 1090 1214 suis
1114 1158 1219 1214 corn·

185 1245 327 1343 modis,
354 1245 449 1326 dum
471 1267 619 1325 motam
640 1244 719 1324 illic
739 1239 912 1342 fecerint,
947 1239 1038 1326 satis
1059 1242 1215 1355 prospe-

186 1357 287 1440 &tum
307 1350 414 1438 fuisse
432 1359 514 1454 rati,
554 1357 593 1437 ni
629 1349 705 1436 sese
730 1353 771 1434 in
789 1357 868 1463 ejus
886 1354 1107 1438 amicitiam
1135 1355 1211 1440 inli-

185 1471 402 1552 nuaverint.
463 1468 581 1572 Quod
611 1469 911 1576 aliquammultis
951 1470 1065 1551 nullo
1099 1497 1213 1581 nego·

187 1583 261 1683 tio,
290 1578 394 1690 quod
414 1581 553 1662 caeteris
571 1583 748 1664 omnibus
770 1577 908 1692 absque
929 1576 1082 1663 difficili
1104 1585 1148 1664 &
1166 1588 1216 1664 la-

184 1690 343 1775 borioso
358 1690 505 1775 ambitu
523 1693 641 1774 licuit.
699 1697 806 1774 Dum
822 1715 950 1775 autem
962 1693 1024 1774 ille
1038 1720 1111 1802 per
1124 1700 1216 1776 mul-

186 1826 247 1887 tos
258 1832 390 1903 ,annos
409 1807 521 1888 nullis
542 1803 757 1886 domesticis
776 1806 872 1888 curis
896 1805 1124 1914 impeditus,
1153 1806 1215 1888 stbi

186 1915 257 1998 soli
277 1935 491 2018 vacaturus,
524 1943 646 2026 prope
666 1914 942 1998 bibliothecam
960 1917 1215 2000 ssodleianam

184 2030 476 2131 &Theatrum
522 2057 601 2138 quo
627 2029 733 2110 omni
753 2045 939 2139 tempore,
969 2024 1046 2110 stve
1072 2035 1214 2114 colum

187 2138 384 2232 serenaret,
414 2140 486 2223 five
516 2142 669 2252 pluviis,
696 2139 850 2241 nimbis,
888 2139 1065 2221 ventisve
1083 2145 1216 2225 turba·

187 2274 301 2352 retur,
331 2249 468 2332 allidue
494 2279 573 2334 etat
592 2251 773 2349 eundum,
804 2249 1006 2348 habitaret,
1034 2256 1086 2335 ad
1108 2284 1213 2337 men-

186 2362 264 2446 sam
296 2391 553 2462 communcm,
585 2392 701 2474 quam
736 2363 938 2475 Penſsonrm
967 2387 1213 2476 nuncupant,

183 2478 254 2587 qni
270 2474 572 2559 commodissime
588 2473 874 2589 excipiebantur
895 2473 1068 2585 hospites
1092 2483 1136 2560 &
1158 2509 1213 2589 pe-

183 2590 339 2695 regrini,
381 2586 533 2670 allidere
547 2593 683 2671 voluit.
740 2596 870 2690 Quam
890 2589 1109 2695 optandam
1135 2595 1210 2672 seli·

182 2702 335 2780 citatem
369 2700 553 2806 ingeniosi
593 2706 630 2781 8<
660 2699 833 2781 industrii
867 2701 1046 2782 homines
1083 2707 1213 2784 lactan·

183 2833 240 2891 ter
268 2816 308 2891 hc
340 2810 547 2893 avidillime
575 2812 808 2920 captabant,
846 2813 1087 2922 quotidianae
1123 2841 1214 2896 con-

183 2921 460 3004 versationis&
473 2929 755 3031 colloquiorum
770 2923 964 3006 beneficio
986 2951 1079 3006 cum
1092 2932 1212 3009 maxi·

182 3059 246 3113 mo
276 3034 487 3116 studiorum
516 3038 696 3142 proseliti,
727 3035 913 3143 sapienter
931 3035 1043 3117 ttsuri.
1095 3043 1213 3141 Quali

183 3167 323 3244 autern,
352 3172 431 3253 quo
451 3171 561 3256 grato
581 3149 681 3230 illius
712 3146 834 3230 obviae
862 3153 901 3228 ὃ(
930 3149 1128 3231 l'rudiuol'ae
1153 3151 1216 3233 be-

183 3259 384 3366 nignitatis
411 3252 531 3360 sensu,
560 3289 671 3371 quem
696 3285 914 3370 perpetuum
938 3258 1034 3358 fore¹
1070 3268 1111 3344 8<
1131 3271 1216 3346 nul-

180 3371 240 3468 lis,
273 3397 319 3449 ne
336 3369 559 3483 longissimis
585 3375 755 3482 quidem,
784 3396 998 3482 temporum
1015 3397 1083 3456 aut
1107 3378 1213 3458 loco·

182 3509 265 3562 rum
287 3484 494 3565 intervallis
511 3483 810 3596 extinguendum
841 3484 1043 3593 spondent,
1077 3510 1207 3601 tange-

182 3616 322 3691 rentur,
361 3597 475 3675 literae
507 3605 664 3690 amoris,
695 3595 990 3697 benevolentia,
1030 3595 1209 3709 obsequii

183 3704 422 3812 plenissimae,
447 3732 539 3817 quas
568 3735 614 3788 ex
648 3709 787 3818 Angla
814 3706 1000 3791 discessuri
1018 3706 1211 3818 scripsere,

181 3816 336 3898 abunde
353 3817 543 3917 testantur,
574 3847 668 3929 quae,
683 3844 765 3899 cnm
783 3820 858 3900 hoc
879 3819 920 3901 fit
946 3823 1104 3903 unicum
1129 3827 1209 3906 illa-

189 3953 551 4042 irmargumcntum,
569 3933 609 4015 in
625 3931 778 4014 censum
790 3932 919 4015 referri
934 3932 1181 4038 nondebent.

1063 4037 1067 4048 ’
1086 4043 1205 4131 Hasce
