2612 4450
291 59 893 236 arternum
1033 174 1097 274 43

465 409 468 417 ⁴
524 413 656 493 XXX.

69 573 127 670 P.
159 557 438 702 Agathangelo
475 561 524 658 de
554 560 707 659 Sareisa
728 559 905 692 Therefa
930 566 1104 708 Fraefidj

193 761 197 772 ·
291 702 609 812 carmelitarum
634 716 679 800 ira
697 701 881 840 Rufforu.

131 953 347 1042 uenerande
359 952 558 1038 eduardum
576 951 700 1056 Pater,

75 1093 282 1301 CUM
309 1086 467 1174 cuilibet
495 1085 688 1170 incumbit
725 1086 823 1172 bene
852 1116 984 1201 agere,
1020 1096 1108 1177 viro

204 1219 334 1286 autem
350 1202 467 1286 doeio
488 1204 529 1283 &
547 1198 730 1309 religioso
747 1203 875 1290 literas
900 1205 939 1284 &
957 1205 1023 1287 reli
1055 1210 1113 1290 io-

71 1340 170 1397 nem
190 1313 401 1425 specialiter
429 1339 673 1424 promovere,
700 1341 781 1396 non
807 1311 950 1399 necesse
979 1233 1111 1403 habeo

74 1428 317 1512 caeremoniis
345 1426 531 1537 vanisque
562 1423 744 1508 sermonis
774 1425 999 1538 ambagibus
1023 1435 1110 1514 uti:

78 1538 188 1649 qubd
208 1539 323 1622 aufim
352 1541 508 1650 ignotus
529 1539 800 1620 paternitatem
820 1540 979 1622 vestram
999 1546 1113 1624 inter-

77 1655 238 1763 pellere,
260 1652 462 1762 precesque
479 1675 581 1732 meas
596 1653 634 1732 δι
647 1671 740 1731 vota
757 1655 952 1734 humiliter
965 1653 1113 1740 offerre.

82 1761 285 1848 Habentur
315 1767 420 1872 juxta
458 1759 648 1845 bassorum
687 1764 822 1872 (quam
854 1767 1001 1874 optime
1033 1765 1114 1868 scis²

79 1903 204 1960 nemo
222 1875 375 1984 melius)
394 1873 604 1958 Christiani
618 1871 779 1981 joannis
793 1877 975 1988 baptistae,
998 1905 1112 1988 prout

83 1987 344 2072 communiter
380 2009 582 2087 vocantur,
621 1990 681 2067 vel
720 1988 855 2088 aliter,
899 1988 1015 2090 Sabii,
1053 2020 1116 2074 aur

86 2099 274 2201 Cbaidaei,
306 2118 371 2182 aut
387 2102 582 2199 Mendaei,
620 2124 740 2210 genus
763 2101 1009 2183 hominumn
1028 2124 1115 2185 toto

85 2213 241 2298 mundo
267 2210 403 2297 ritibus
431 2215 471 2294 8<
495 2212 759 2321 superstitione
776 2211 978 2296 diversum.
1035 2215 1119 2298 Ob-

82 2326 182 2409 nixe
220 2349 379 2435 precor,
418 2344 460 2406 ut
484 2325 598 2406 hosce
626 2319 832 2408 describere
861 2323 979 2429 (cum
1002 2327 1119 2412 fuerit

82 2437 384 2549 opportunitas)
415 2463 494 2520 non
514 2437 737 2545 gravareris,
776 2437 818 2519 in
849 2438 894 2520 iis
914 2436 1119 2549 prasertim

83 2549 213 2650 rebus,
241 2575 338 2660 quas
357 2549 418 2631 v'el
435 2550 567 2647 omifit,
611 2549 673 2628 vel
702 2550 812 2631 aliter
843 2552 1035 2634 enarravit
1064 2579 1123 2635 re·

89 2661 279 2744 verendus
304 2665 439 2763 Pater,
480 2662 652 2771 ignatius
680 2658 821 2767 aJesu,
847 2663 887 2743 in
914 2661 1047 2746 libello
1071 2666 1122 2748 de

92 2771 197 2856 bisce
215 2772 445 2882 conscripto
501 2771 665 2880 Insuper,
694 2791 737 2852 ut
756 2777 980 2884 exquirerem
1009 2778 1061 2882 ὃς,
1096 2777 1122 2864 si

89 2883 174 2968 fieri
202 2884 329 2995 possit,
365 2887 543 2968 mihimet
572 2881 837 2970 transmitteres
864 2885 986 2973 libros
1011 2885 1060 2987 ab
1076 2889 1117 2971 it-

90 3002 138 3080 lis
161 3000 203 3080 io
229 3000 356 3109 pretio
376 2997 542 3096 habitos,
574 3000 614 3077 fx
649 2997 836 3080 idiomate
854 3019 896 3080 ut
916 2998 1123 3110 plurimum

91 3112 252 3217 Syriaco
269 3128 457 3210 exaratos,
487 3113 616 3222 quales
632 3108 911 3217 perhibentur:
954 3140 984 3194 1.
1010 3113 1125 3196 Sedet

91 3220 254 3314 Ladam,
267 3220 369 3303 Ordo
384 3220 637 3321 neamenim
649 3223 956 3306 caeremoniarum
973 3229 1122 3338 plenus¹

93 3363 210 3442 quem
223 3334 372 3444 fingunt
385 3332 492 3416 fuisse
510 3335 565 3415 iili
586 3337 705 3413 aDeo
721 3333 916 3416 traditum.
949 3339 1126 3443 aDrafha

95 3441 1127 3560 DeyahyaeMeditatio[ioannismbiratiobuptismiillo-

94 3566 234 3652 rum&
255 3561 435 3659 nominis,
448 3580 630 3669 tanquam
649 3554 700 3640 ab
720 3556 846 3640 saneto
868 3563 1032 3646 Domini
1052 3589 1125 3641 no-

92 3672 158 3754 stri
178 3671 408 3768 Praecursore
425 3672 603 3776 derivati,
633 3700 666 3778 3.
695 3667 821 3779 Sepho
840 3673 1029 3778 Malvrtbe,
1060 3669 1125 3754 si-

95 3787 156 3866 ber
166 3789 346 3895 fignorrrm
357 3782 531 3883 Zomeri,
561 3785 608 3866 de
621 3784 890 3866 Chaldaeorum
908 3784 1045 3866 seilicet
1058 3816 1127 3866 au-

97 3900 206 4008 tiqua
227 3897 446 4007 astrologia.
503 3899 539 3979 Si
561 3893 674 3981 hosce
693 3921 840 3996 omneS,
871 3901 930 3980 vel
960 3901 1127 4008 aiiqmm

1078 4033 1126 4094 etc
