2654 4466
298 281 373 369 '25⁶
393 247 603 352 noomu
626 265 875 348 rscnrur
897 247 1068 344 trist.
1091 210 1221 346 riu.
1321 346 1323 354 ,

214 445 217 452 ,
294 371 1273 474 enimreiquesturnmaioriesatio,'qurmdodorumitominutd

194 549 196 556 ¹
293 467 451 612 1¹r¹¹¹³²¹⁶⁸²
485 462 752 602 parm
771 463 1272 622 ‘admittimur‘

293 561 618 703 ffloss‘issrnu
641 557 1108 695 recripse,u110m0a0mutur
1119 615 1268 680 vitem.

294 697 476 772 Amavidiu,
494 694 557 758 vidi
569 697 859 774 oonqnantffoarmm
869 697 1031 755 staminei:
1049 692 1099 756 sed
1110 707 1182 756 eum
1192 713 1269 756 eum

294 771 647 855 Ptnt0u1·s,Ar1}tate1;s,&
670 775 797 830 Ciceronis
819 762 948 832 domina
970 772 1012 833 ita
1034 773 1186 835 excultum
1208 770 1267 834 effe

293 853 496 937 perspicerem,
524 867 560 913 ut
571 851 658 930 pauci
677 845 880 910 admodumin
892 847 948 914 hiis
961 845 1076 924 nostris,
1100 866 1268 931 netempo·

293 934 377 998 ribus
400 929 522 1010 quidem
542 929 631 1008 longe
653 923 926 1006 antesnperiorbut,
947 945 1012 988 mea
1024 941 1102 989 certe
1113 923 1266 1008 opiniode,

292 1029 366 1074 curn
387 1030 423 1072 eo
446 1005 574 1070 conferri
596 1001 713 1086 possint;
739 1003 822 1066 illiue
844 1021 940 1066 amore
961 1023 1024 1068 non
1045 1005 1139 1068 calere
1155 1005 1266 1080 solunt,

292 1085 344 1156 sed
355 1085 538 1150 exardescere
550 1083 637 1166 eoepi.
675 1080 784 1146 Eadem
800 1083 884 1156 ratio,
903 1079 1015 1143 eusdem
1033 1079 1111 1145 sacer
1123 1081 1200 1146 mihi
1214 1083 1267 1144 ed-

293 1179 405 1240 movet,
417 1163 528 1244 quihus
539 1157 690 1234 incendor,
699 1175 734 1220 nt
748 1157 927 1238 repnsnnili
939 1158 1029 1222 modo
1041 1179 1144 1222 amem.
1214 1181 1265 1225 em

291 1263 395 1311 meum
404 1261 435 1304 er
481 1239 661 1312 teanimurn,
671 1239 713 1298 mi
724 1233 1166 1316 optatisiirneiiancxfceoume‚
1185 1240 1265 1304 rtibi

289 1335 407 1400 mamm
458 1339 483 1394 e,
511 1337 548 1380 er
560 1315 654 1378 literis
666 1316 727 1378 tuis
739 1315 912 1393 intelligam,
930 1329 1008 1376 certe
1019 1315 1264 1379 velcumnoſtro

290 1399 389 1456 Thema
413 1391 661 1466 Mscontendam,
689 1395 781 1454 utin
808 1395 891 1454 omni
915 1407 1025 1453 mutue
1049 1391 1261 1470 benivolentia

289 1477 412 1550 tatione,
435 1491 523 1566 etque
535 1469 831 1610 officiofirumfenere,
851 1465 924 1608 licpt
935 1487 983 1530 me
995 1469 1205 1557 commodandi
1212 1473 1262 1612 g·

288 1555 521 1712 {durius
570 1562 1261 1716 ,irnsui‘iiussssjrisitmm

282 1709 414 1790 -utsaepe
426 1722 462 1766 ex
480 1702 545 1780 ejus
557 1703 689 1764 sermone
707 1703 859 1792 intelligo:
889 1719 941 1763 aut
956 1701 1042 1776 mrhr,
1066 1719 1102 1764 ut
1113 1703 1209 1765 indies
1220 1723 1258 1766 ex

288 1783 354 1862 eius
365 1777 546 1848 humanitate
557 1779 670 1841 sentio:
699 1780 865 1854 autcurvir,
891 1779 1122 1858 utqnotidieer
1135 1781 1258 1842 consen·

287 1865 382 1926 tiente
404 1860 559 1922 hominum
581 1855 617 1917 de
639 1858 692 1918 ilio
713 1875 787 1919 vote
808 1857 934 1938 excipio,
959 1855 1136 1920 contendere
1147 1861 1180 1919 in
1191 1861 1258 1920 ullo

288 1939 479 2004 humanitatis
500 1936 657 1998 certamine
679 1954 741 1998 non
762 1953 848 2014 queo.
888 1935 926 1996 Et
948 1953 1092 2014 qnantum
1114 1937 1255 1999 amandus

288 2015 330 2080 est
343 2012 379 2078 de
391 2014 444 2077 hac
456 2011 644 2087 humanitate,
667 2027 784 2075 tantum
797 2027 875 2074 terte
889 2011 1150 2091 congrttulandum
1164 2013 1207 2076 est
1218 2016 1255 2090 ei,

309 2094 371 2156 uod
391 2093 427 2156 ad
449 2091 533 2152 illius
552 2105 613 2152 tam
635 2107 744 2168 gratam
766 2108 907 2164 naturam,
924 2103 985 2151 tam
1007 2090 1095 2171 digrn
1108 2089 1256 2156 access'etlt

295 2237 297 2244 ‚
323 2187 417 2232 rtuna.
441 2168 560 2242 cumei,
579 2165 615 2228 ad
626 2167 753 2248 benigne
763 2162 932 2229 faciendum
944 2169 1093 2244 omnibus,
1117 2189 1180 2232 non
1201 2189 1256 2232 vo·

286 2247 489 2312 luntassolurn
501 2262 596 2326 parata
608 2260 694 2324 atque
706 2245 858 2326 proposita,
883 2243 933 2305 sed
953 2245 1076 2308 facultrs
1097 2248 1196 2322 etiem,
1224 2247 1255 2311 dr

286 2339 454 2418 opportuna
468 2320 507 2408 ,dr
528 2325 619 2404 ampla
632 2323 784 2386 tribuatur.
824 2319 880 2384 Ast
891 2341 946 2401 ego
959 2343 1020 2384 non
1032 2323 1108 2386 redit
1121 2325 1253 2403 quidem.

289 2421 345 2482 qur
354 2397 479 2464 fortunae
493 2401 522 2464 dr
536 2402 685 2462 communi
698 2399 835 2462 felicitati
847 2398 947 2461 tribuo
969 2419 1033 2479 que
1046 2402 1167 2465 virtutis
1180 2423 1254 2485 prte-

285 2482 354 2554 mia,
386 2479 548 2560 prudentie
561 2478 812 2550 munert&sunt,
843 2479 874 2541 δι
892 2481 938 2539 exi
966 2480 971 2492 “
1005 2480 1047 2540 tri
1059 2478 1175 2542 debent.
1215 2473 1255 2544 Et

287 2553 433 2712 ,iffi
446 2553 589 2697 ffim
601 2554 860 2695 iustruit
873 2571 1003 2694 ἔξω
1012 2555 1082 2714 122⁰
1097 2555 1254 2697 isir‘sq'f‘

285 2655 367 2700 nor
521 2654 584 2695 eam
694 2655 702 2693 r
801 2678 810 2708 ,
908 2654 1000 2695 amm
1060 2655 1095 2695 en
1168 2657 1254 2722 ¹gna

283 2714 426 2774 suavitate
446 2711 615 2792 profundit:
640 2730 702 2772 non
726 2708 806 2771 sedet
829 2709 934 2787 solum,
966 2709 1002 2772 ad
1016 2730 1086 2794 quas
1106 2717 1254 2794 pervenit,
1291 2741 1303 2768 a

280 2789 332 2852 sed
356 2787 461 2870 gradus
485 2789 570 2866 ipsos,
595 2807 648 2870 per
671 2805 746 2867 quos
769 2787 904 2863 ascendit,
934 2787 1062 2851 breviter
1085 2787 1253 2872 defigmbo.

283 2867 362 2928 Cum
383 2861 494 2927 summa
505 2885 604 2928 rerum
626 2865 689 2941 jure
707 2863 895 2938 hereditario,
912 2860 1254 2964 iilusiriss'unaeal’rincipi

283 2941 502 3008 nostre'Mm'e
530 2944 653 3016 veniret,
681 2943 769 3004 utin
791 2942 921 3018 exordio,
946 2942 1089 3021 cujusque
1101 2945 1253 3029 Principis

284 3016 362 3102 apud
386 3039 441 3081 nos
463 3019 499 3080 de
521 3039 603 3081 more
624 3017 668 3094 fit,
696 3016 828 3081 lustratio
849 3023 983 3100 ratioque
994 3021 1090 3082 habita
1102 3021 1253 3088 esterter·

282 3116 391 3160 norum
402 3095 566 3158 dontinum.
606 3115 712 3158 uorum
725 3113 824 3160 tantus
836 3095 895 3160 huc
908 3095 1085 3160 confluxerat
1096 3121 1252 3178 numerus,

281 3191 319 3237 ut
345 3174 403 3236 hiis
431 3170 529 3254 paffim
555 3116 625 3235 urdo
647 3177 762 3235 Londinr'
784 3173 965 3238 redundaret.
1007 3175 1104 3235 rueme
1126 3185 1164 3240 Μ,
1191 3181 1251 3242 iffi.

281 3251 411 3332 positum
432 3251 493 3311 fuit
514 3249 572 3312 hoc
594 3270 701 3314 munus
726 3251 910 3327 decernendi,
938 3255 1058 3331 quinam
1072 3257 1193 3319 civitate
1218 3260 1249 3322 δι

303 3333 372 3392 atria
389 3325 483 3390 nostra
505 3327 644 3402 donandi,
667 3329 696 3392 dc
722 3331 775 3408 qui
799 3331 835 3390 ad
859 3330 928 3396 suot
951 3331 1122 3394 amandandi
1148 3331 1249 3399 essent.

280 3349 353 3470 dioc
378 3421 508 3486 tempore
529 3406 575 3467 sui
596 3406 670 3486 sepe
691 3427 750 3468 una
775 3425 845 3468 curn
866 3415 902 3469 Μ.
923 3427 992 3470 cum
1011 3409 1061 3470 ilie
1078 3411 1251 3489 frequenter

280 3500 370 3561 atque
381 3481 508 3544 suaviter
519 3481 645 3545 arridens
657 3483 693 3544 ad
711 3505 768 3558 me,
787 3492 815 3541 A
824 3483 922 3560 chame,
939 3485 1051 3566 inquit,
1069 3491 1159 3550 multi
1170 3494 1250 3549 Galli

279 3559 369 3622 hodie
379 3561 508 3621 multum
519 3557 625 3622 debent
633 3568 753 3619 nearent
760 3581 800 3622 no
840 3582 877 3624 o:
896 3561 1063 3627 nihilenim
1073 3562 1158 3644 prius
1170 3563 1248 3630 mihi
1320 3589 1321 3607 ³

280 3636 379 3700 existit
390 3639 422 3698 in
433 3635 488 3697 hoc
501 3657 621 3699 munere
638 3637 784 3710 obeundo,
813 3658 901 3718 quam
913 3640 1143 3706 benivolentiam
1155 3663 1246 3724 quam

282 3723 402 3777 vaurme
414 3713 523 3779 absenti
535 3713 636 3790 debeo,
664 3715 835 3780 horninibus
848 3722 957 3778 Geticis
971 3719 1180 3798 representare,
1208 3739 1246 3784 nt
1318 3749 1320 3800 r

1318 3663 1320 3744 i

1193 3803 1242 3860 rel
1317 3817 1320 3846 ³
