2644 4466
329 255 503 331 Liuor
541 256 756 333 rrimus.
975 285 1020 350 51

52 383 147 456 tirum,
164 397 226 442 tam
239 377 417 444 studiosum
429 382 486 452 tui,
506 377 601 439 &mei
613 378 697 439 valde
709 395 863 454 amantem,
876 399 936 440 non
948 402 1024 455 opus

50 459 87 521 est
98 475 131 521 ut
141 478 170 522 te
182 477 297 538 rogem.
343 457 416 520 Seio
429 459 512 517 enim
526 453 605 534 quod
618 455 779 519 humanitas
789 473 838 518 nu
851 458 967 529 efficiet,
989 477 1024 520 ut

52 536 118 598 milri
132 541 244 594 Mittin
260 537 370 598 literas
394 537 425 594 δι
450 537 560 612 longas,
580 536 609 596 ἃ
630 537 786 610 gratiarum
800 537 1023 614 plennsscribtr.

54 614 95 676 Ex
107 613 233 674 &mone
257 619 287 679 J.
308 615 416 670 Mettdt'
428 631 547 672 omnem
564 629 661 670 rerum
674 617 846 689 Angiirarum
857 613 963 674 ilatum
978 617 1023 674 in·

54 693 117 752 telli
138 711 177 762 ee,
193 691 228 750 ab
248 711 283 752 eo
305 693 409 770 qualis
422 689 467 760 lit,
485 687 656 748 nobiliffimt
666 689 704 751 D.
718 713 790 764 mer,
809 691 847 753 D.
868 693 1024 753 ELIZA.

59 767 114 828 BE
156 769 231 839 ΗΑ,
248 787 334 847 quem
346 768 411 848 ipse
421 781 486 826 meo
499 785 585 846 opera
594 769 764 844 alloquutus
777 768 825 830 est.
865 771 1024 846 Quantum

62 847 113 906 illa
133 843 245 919 prestet,
264 853 367 920 Greca,
387 849 503 916 Latina,
526 845 634 916 Italica,
655 847 684 906 δε
707 851 808 904 Gelliro
831 847 940 926 lingua,
960 849 1046 909 im?

63 941 122 1000 qur
140 942 230 984 rerum
242 923 432 1002 cognitione,
453 923 481 980 &
516 917 681 983 utmdoilo
696 923 923 1000 &intelligente
946 925 1025 1000 judi-

65 1002 111 1061 cio
119 1001 230 1080 prediti
241 1003 287 1075 lit,
309 1001 442 1082 ipsetibi
504 1001 688 1062 emanabit:
709 1016 744 1061 ut
766 1003 814 1060 vel
825 1003 925 1060 Metello
943 1003 1023 1078 teste,

65 1081 141 1158 plme
150 1079 319 1158 cognosces,
339 1078 414 1139 niliil
427 1095 560 1155 unquam
572 1097 587 1137 a
600 1097 648 1142 me
660 1075 778 1138 affixum
790 1077 874 1139 fuiffe
887 1082 950 1156 ejus
963 1083 1025 1140 lou·

64 1155 147 1217 dione.
184 1154 538 1220 Sedhreedrmultttlia
557 1155 591 1217 ab
611 1155 792 1236 ipsoMrtedo.
831 1158 1024 1237 Nuneprucr

60 1233 165 1308 deme,
183 1237 324 1312 meisque
346 1235 444 1295 rebus.
485 1233 640 1310 Quantum
663 1229 755 1293 debeo
776 1232 840 1306 tibi,
860 1237 901 1294 mi
914 1241 1025 1307 sturmi,
1092 1273 1101 1292 .

61 1315 99 1372 mi
117 1317 392 1393 eptatr'ffimeJrannrt
403 1318 514 1384 Sternit,
533 1327 587 1390 pro
597 1312 655 1371 illis
668 1313 760 1372 literis
770 1327 842 1386 quas
855 1317 974 1386 Pergase,
993 1316 1025 1372 in

60 1407 148 1450 metm
169 1393 297 1470 gratiam
310 1387 464 1470 scripsisti:
494 1407 555 1449 non
580 1389 734 1469 praesenter
757 1388 848 1449 litere
874 1389 1027 1462 declamre,

60 1487 114 1529 non
133 1469 267 1530 fortune
290 1485 363 1528 mee
382 1466 569 1546 compensare
588 1483 735 1545 poterunt.
774 1465 906 1526 Efficiam
920 1484 1026 1540 tamen,

59 1545 119 1605 Deo
130 1551 264 1621 volente,
285 1563 323 1605 ut
339 1543 487 1626 posteritas
499 1545 593 1614 intelli
597 1563 654 1624 gat,
673 1548 800 1606 amicum
812 1543 897 1605 fuille
911 1547 938 1604 δι
952 1551 1029 1600 Stur-

60 1625 233 1685 reimvalde
247 1621 377 1703 grimm,
396 1624 426 1683 δε
438 1617 597 1696 Aschamum
616 1643 677 1682 non
697 1623 907 1683 immemorem.
948 1621 1027 1696 Qure

60 1701 306 1782 mihisuperiores
331 1719 414 1779 reges
438 1699 679 1762 HENRICUS
704 1698 733 1761 te
762 1699 1027 1762 EDVARDUS

61 1777 264 1850 concederunt,
285 1797 321 1840 ea
344 1797 406 1838 non
427 1777 525 1838 solum
547 1780 658 1857 integra
680 1777 817 1851 militurn,
843 1779 892 1839 sed
914 1777 1027 1838 condu-

63 1859 159 1934 plinta
182 1861 285 1920 onmia
310 1851 390 1916 sunt.
428 1855 531 1917 Paetus
554 1856 619 1916 sum
643 1857 730 1916 etiarn
756 1856 882 1933 Regi&
906 1857 1027 1933 Regino

62 1941 214 1994 secretarius
223 1953 269 2014 pro
282 1940 392 2010 Lingua
406 1935 531 1992 Latina!
557 1931 650 2010 Quod
663 1953 780 2006 munus,
792 1951 827 1994 ut
840 1955 886 1994 me
897 1931 1028 1994 Christus

63 2027 147 2085 amet,
163 2030 223 2072 non
234 2025 459 2084 commutarem,
479 2011 500 2072 sr
518 2013 628 2089 queris
641 2009 713 2070 mihi
734 2013 787 2070 alia
809 2031 864 2090 pro
888 2012 1027 2071 arbitratu

63 2109 129 2150 meo
140 2087 259 2150 vivendi
273 2093 359 2170 optio
368 2103 591 2170 proponeretur.
630 2089 774 2166 Stephanus
785 2085 916 2165 Episcopus
929 2093 1030 2146 Wnrr-

63 2164 274 2248 m'mfirsrmms
286 2169 394 2244 Angliae
409 2171 595 2238 cancelarius‘,
619 2165 731 2226 summa
751 2164 1029 2245 humanitatemque

1 2235 2 2262 ¹
64 2245 158 2306 favore
167 2263 214 2307 me
223 2249 401 2327 complexus
411 2242 465 2305 eil:
475 2261 511 2304 ut
521 2246 646 2323 paratior
655 2244 877 2318 fueritl’agrrrus
887 2265 925 2304 ne
939 2247 968 2304 in
979 2265 1029 2303 me

2 2331 3 2354 ¹
65 2323 302 2398 commendando,
331 2342 368 2383 an
382 2321 558 2402 Wnrom'mfis
570 2324 600 2380 in
614 2319 784 2381 metuendo
797 2338 882 2397 atque
895 2320 1028 2381 ornando

2 2681 3 2686 ,
66 2635 171 2714 turienfis
190 2635 385 2708 humilitati,
405 2634 433 2694 δι
456 2631 581 2692 libenter

66 2399 142 2461 heile
160 2401 330 2479 dijudicare
349 2421 411 2461 non
426 2419 538 2480 queem.
579 2399 648 2466 Non
662 2397 827 2476 desperent,
847 2401 898 2476 qui
911 2399 1029 2466 cursum

67 2476 262 2541 benivolentia
288 2481 374 2540 illius
397 2481 429 2538 in
450 2497 499 2536 me
518 2477 614 2539 conati
627 2475 696 2537 sunt
708 2476 856 2554 impedire,
878 2477 1029 2553 religionis

66 2555 156 2629 num,
172 2557 221 2619 sed
234 2557 319 2619 nihil
331 2557 517 2636 profuerunt.
554 2555 656 2692 Ittpup
678 2557 846 2693 plurlippuume
852 2553 1032 2690 deebgosgll‘pp-

66 2709 109 2770 sed
118 2716 202 2774 multi
211 2717 311 2774 etiam
321 2714 370 2772 alii
386 2711 498 2790 experti
513 2709 580 2770 sunt
592 2649 903 2770 illeiuiiiumanitatenig.
944 2677 1031 2783 cogis

67 2787 151 2851 nbtm
165 2793 193 2851 br
208 2791 239 2852 id
252 2791 344 2869 stepo,
363 2807 446 2866 agere
465 2804 534 2847 cum
544 2807 580 2848 eo
600 2785 637 2848 de
649 2804 702 2846 tuo
715 2789 851 2866 preclaro
864 2793 944 2860 Opere
956 2792 1032 2842 Ana-

3 2895 4 2898 *
69 2867 144 2940 lyrico.
168 2863 1032 2942 Scioenimeumitafaverestudiisliterarum‚utplurimum

3 3003 4 3044 l

3 3047 6 3148 l

4 3153 6 3216 p

4 3219 6 3284 Ι

4 3497 7 3576 l

3 2985 4 2998 r
72 2946 195 3019 polliceor
206 2947 291 3008 mihi
304 2943 341 3004 de
361 2946 442 3004 illius
455 2945 593 3021 largitate.
632 2944 670 3003 Et
690 2941 756 3002 litu
773 2945 811 3002 ita
824 2943 905 3014 velis,
924 2940 958 2999 ad
972 2959 1032 2998 me-

75 3039 123 3098 que
130 3023 282 3104 scripseris
293 3039 423 3084 mentem
431 3038 522 3094 tuam,
535 3041 596 3081 rem
606 3020 739 3092 libenter,
754 3021 792 3092 bc,
805 3021 849 3078 uti
862 3017 880 3078 s
874 3039 954 3098 pero,
967 3017 1033 3078 feli-

73 3101 135 3162 tittr
142 3105 277 3164 tentabo.
299 3099 385 3162 Nihil
396 3098 579 3160 incommodi
589 3099 644 3158 erit
654 3101 685 3156 in
696 3097 748 3156 hac
759 3117 798 3166 re,
809 3117 871 3156 men
882 3111 959 3155 certe
969 3099 1034 3174 opi-

72 3179 156 3238 nione,
196 3180 320 3241 Gratias
333 3192 388 3255 ago
401 3175 455 3237 tibi
464 3175 588 3236 summas
598 3195 651 3250 pro
664 3177 722 3238 tuis
734 3174 768 3234 ad
779 3181 919 3246 ragusam
932 3175 1032 3234 literis.

71 3255 99 3314 in
111 3257 213 3336 quibus
224 3277 294 3319 tam
308 3273 424 3336 gratum
436 3251 508 3314 mihi
521 3255 590 3326 fuit,
607 3254 653 3312 tui
674 3251 710 3311 de
722 3272 769 3312 me
789 3251 891 3326 judicii
907 3251 1035 3311 testimo-

73 3335 158 3406 ninm,
169 3353 204 3396 ut
216 3338 312 3413 longe
322 3335 451 3414 optatior
462 3328 532 3390 mihi
545 3331 578 3390 lit
588 3331 731 3408 voluptas,
742 3349 828 3406 quam
842 3332 923 3408 capio
939 3347 974 3389 ex
985 3345 1035 3388 tua

73 3407 275 3486 benivolentia,
300 3431 391 3492 quam
416 3404 471 3468 effe
483 3406 567 3488 pollit
579 3409 639 3467 ulla
651 3405 851 3479 commoditas,
871 3425 935 3485 qun
949 3405 1037 3486 profi-

75 3485 521 3566 cisciturexPagettibenelicio.
559 3477 947 3545 stddelrisaliaemmus.
988 3489 1040 3538 Rr-

5 3579 7 3640 ξ
76 3571 258 3644 nuendrfflmus
264 3567 420 3624 Cardinalis
426 3567 501 3620 Prius
510 3561 592 3622 valde
603 3562 744 3623 humanus
754 3559 803 3635 est,
811 3563 839 3621 δι
850 3561 918 3622 hnut
928 3561 945 3620 s
941 3563 987 3619 cio
1002 3580 1038 3616 an
1071 3625 1076 3636 ἱ

5 3655 7 3702 ;
79 3643 220 3722 quisquam
250 3645 355 3718 Italis,
389 3644 565 3718 eloquentie
592 3639 695 3710 laude,
725 3659 792 3700 cum
818 3661 853 3699 eo
879 3637 1041 3720 comparari

5 3725 12 3794 l
80 3737 164 3798 queat.
215 3725 270 3786 Me
296 3725 405 3784 utitur·
421 3719 503 3780 valde
528 3718 715 3814 familiariter.
762 3717 827 3777 Hoc
853 3716 946 3775 estate
971 3731 1039 3770 curn

445 3839 447 3846 -
547 3801 574 3856 (r
591 3820 605 3854 2
968 3787 1044 3870 opud
