2606 4454
224 276 547 383 ‘Errerorn
585 300 872 384 Sarncrn.
959 323 1046 403 129

46 461 146 550 nisse
166 457 390 575 vestigium.
426 462 490 546 De
505 466 657 580 Aquila
676 463 844 576 Brenni
866 489 956 574 quae
973 462 1051 546 ibi-

1 591 2 678 ῗ
44 601 139 686 dem
158 597 280 683 tradit
299 600 469 686 Zuerim
485 603 654 684 omnino
674 603 843 708 probare
860 631 942 684 non
961 599 1050 711 pos·

1 785 2 838 3
44 741 165 832 sum,
207 745 298 822 cum
321 736 448 820 oculis
480 739 580 821 meis
607 735 790 849 quotidie
808 741 1050 822 contrarium

45 876 255 988 usurpem,
268 873 462 987 Bicipites
471 902 618 987 nempe
637 874 803 984 Aquilae
821 874 1051 984 Impp.lon·

46 1017 100 1128 ge
130 1037 221 1098 ante
249 1011 443 1095 Carolum
467 1009 518 1094 V.
588 1013 641 1095 Et
659 1035 736 1102 tu,
780 1011 836 1094 mi
859 1012 1049 1101 Scriveri,

47 1151 129 1236 scio
148 1175 303 1233 mecum
324 1145 499 1245 sentiet,
545 1175 677 1258 neque
705 1151 812 1232 enim
844 1147 1053 1258 Hispaniae

50 1290 204 1405 signum
232 1285 312 1368 esse
334 1285 554 1394 Aquilam,
600 1314 732 1396 neque
770 1284 963 1370 carolum
998 1283 1051 1369 V.

50 1425 182 1540 impp.
212 1425 385 1536 primum
415 1424 628 1533 Bicipitem
650 1423 839 1541 Aquilam
871 1421 1050 1535 gessrsse,

50 1563 259 1674 Hispania
279 1561 522 1671 imperiique
537 1561 702 1670 Aquilae
724 1558 1050 1671 conjungentem.
1083 1559 1087 1565 ’

4 1761 6 1768 >
50 1702 138 1788 Res
167 1695 269 1782 adeo
285 1697 490 1786 manifesta
508 1699 584 1790 est,
614 1721 658 1782 ut
675 1697 859 1812 longiore
886 1696 1054 1779 demon-

51 1838 241 1922 stratione
265 1865 350 1918 non
376 1827 565 1949 indigeat.
635 1837 683 1918 ln
710 1834 901 1917 Nummis
923 1834 1054 1916 Maxi·

54 1975 209 2058 miliani
228 1971 258 2054 Ι.
295 1973 436 2056 Caroli
450 1971 500 2051 V.
522 1974 619 2063 avi,
669 1975 710 2054 in
731 1974 850 2084 pistis
880 1969 1054 2080 sculptis-

49 2137 136 2222 ,que
154 2109 421 2223 imaginibus,
466 2110 576 2193 libris
605 2137 767 2220 quoque
794 2109 911 2190 editis
927 2137 977 2190 eo
997 2107 1056 2189 vi-

53 2271 206 2340 vente,
245 2247 461 2360 Bicipitem
486 2245 622 2357 paffim
649 2246 824 2328 invenio.
873 2246 970 2328 Hoc
999 2243 1056 2326 fu·

56 2409 162 2478 teor,
187 2385 299 2496 quod
315 2385 357 2466 in
370 2383 489 2496 signis
505 2385 667 2494 Regum
678 2383 970 2470 Romanorum,
988 2411 1056 2462 an-

9 2519 13 2525 ’
55 2545 95 2609 te
110 2521 330 2636 Imperium
347 2520 534 2632 adeptum
550 2519 758 2630 ,Aquilam
781 2523 896 2600 unius
917 2519 1058 2626 capitis

54 2661 274 2772 reperiam,
302 2686 381 2770 qua
406 2661 454 2740 ab
477 2661 718 2766 imperatore
743 2653 1058 2767 distinguuntur,

1 2823 2 2830 ’
58 2807 167 2882 &eo
199 2794 329 2880 forsan
364 2797 535 2880 Zuerim
564 2794 744 2905 respexit.
818 2791 1061 2899 Antiquiora

56 2936 209 3047 possem
237 2932 417 3022 adferre,
444 2932 553 3038 sires
580 2930 797 3040 postularet
852 2931 930 3008 .Tu
958 2925 1062 3008 hisce

29 3182 31 3184 Ι
56 3095 269 3158 contentus
287 3072 362 3152 eris
383 3121 395 3160 ,
430 3068 541 3156 scio,
576 3067 618 3147 in
635 3095 676 3149 re
694 3091 773 3149 tam
793 3065 924 3148 obvio.
996 3063 1062 3143 ln-

54 3209 182 3324 fignia
211 3209 262 3292 ab
281 3205 554 3290 Orientalibus
581 3204 743 3314 populis
764 3203 922 3284 devista
940 3193 1061 3281 Pala:-

52 3349 156 3432 stina
173 3342 338 3454 quidem
357 3369 440 3424 non
462 3339 631 3431 venisse,
666 3338 778 3445 juxta
804 3365 893 3418 cunr
919 3339 1062 3423 ererio

54 3487 253 3574 arbitror,
289 3479 356 3561 sed
376 3476 554 3560 circailla
574 3499 756 3584 tempora
773 3477 835 3556 vel
853 3473 972 3584 paulo
996 3501 1063 3551 an-

53 3645 92 3712 te
110 3621 347 3714 varietatem
369 3618 482 3703 iliam
499 3613 763 3727 insigniorum
783 3635 925 3700 ortam,
946 3635 1065 3690 exco-

53 3739 70 3756 “
179 3737 185 3745 ’
235 3741 240 3746 ’
523 3759 532 3766 “
684 3751 705 3832 Ι
968 3748 1067 3856 gita-
