2606 4454
241 216 550 346 Eneroun
591 219 883 338 Suu-nera.
970 243 1062 330 135

52 383 264 496 quibus&
292 413 441 470 nomen
471 393 510 470 ἃ
536 386 706 501 sigillum
729 387 1063 475 Brederodiorum

52 545 323 634 comparent,
365 525 490 636 inque
514 525 737 613 Hollandia
772 530 892 612 ctiam
915 529 1063 612 exstare
1083 541 1089 556 '

49 660 175 752 dicit,
196 662 323 746 oculis
341 663 440 746 meis
450 663 609 748 lustrare
620 638 742 747 valde'
755 666 909 748 vellem.
957 668 1061 750 Lec-
1143 758 1144 762 a

49 800 175 885 kiana
194 827 293 914 gens
310 829 360 883 an
380 802 403 883 ὲ
421 801 670 887 Brederodiis
690 853 703 893 ,
737 804 917 913 ignoro,
960 801 1062 883 anti-

48 961 138 1047 qua
160 933 263 1022 sane*
278 936 366 1032 estc
417 940 527 1048 cujus
556 938 770 1024 stemmatis
804 960 956 1050 partem
980 938 1060 1044 jam

53 1075 158 1158 olim
185 1076 305 1160 vobis
323 1059 389 1161 mc
406 1078 548 1161 misrffe
574 1098 710 1188 puto,
755 1103 845 1161 cum
874 1076 952 1158 suis
969 1074 1061 1158 insi·

56 1210 163 1327 gniis
181 1220 223 1295 δε
238 1213 386 1326 sigillis.
431 1217 595 1304 Lazius
612 1217 654 1297 in
675 1215 900 1326 Genealog.
918 1212 1061 1296 nostris
1202 1287 1207 1294 .

53 1348 158 1460 sape
176 1349 438 1436 hallucinatur
448 1395 462 1447 ς
498 1378 574 1434 nec
591 1354 721 1434 minus
739 1355 781 1434 in
805 1345 1061 1435 Brederodiic

56 1484 207 1573 fallitur
220 1489 432 1575 viamus.
502 1489 700 1572 Walravii
731 1493 836 1573 inter
860 1488 1059 1600 posterio-

55 1651 152 1716 res,
177 1651 336 1712 nomen
363 1627 555 1710 habent}
580 1626 920 1739 Valkenburgiis‚
966 1653 1059 1710 mm

56 1760 258 1848 Walravii
276 1761 565 1877 Valkenburgii
586 1763 754 1847 Domini
776 1764 878 1847 Filia
903 1764 1059 1847 Beatrix

55 1897 309 1985 Theudorici
336 1899 570 1985 Brederodii
605 1903 706 1985 circa
733 1929 880 1984 annum
924 1925 1058 2009 1330.

58 2063 163 2119 uxor
187 2037 294 2133 fuit,
339 2039 444 2123 unde
458 2039 507 2122 '&
537 2042 622 2146 ejus
641 2039 788 2149 posteri
810 2037 1059 2122 Valkenbur-

58 2175 149 2288 gica
173 2176 443 2291 infigniacum
461 2179 538 2261 suis
558 2175 801 2284 aliquamdiu
827 2175 1059 2285 compinxe·

57 2333 161 2396 runt.
228 2311 371 2431 Pergo.
441 2313 501 2398 Ex
527 2314 602 2396 hac
651 2309 824 2422 (inquit
853 2316 1057 2401 luerim,

59 2449 300 2566 Wffenaria
328 2452 496 2568 nempe)
531 2451 819 2537 Dunenuordii
846 2450 1059 2561 pullulant,

58 2585 318 2704 Bnckhorstii‚
354 2590 620 2705 Raephorflii2
640 2587 809 2677 Polam,
828 2584 1058 2695 Matheness-

45 2725 121 2833 sti,
158 2727 421 2814 Warmondii:
459 2757 508 2810 an
529 2728 613 2808 haec
631 2754 701 2836 per
718 2729 853 2808 omnia
872 2750 962 2804 vera
981 2721 1058 2805 smt

60 2863 215 2957 haereo,
251 2870 294 2950 in
307 2864 578 2950 Mathcnessiis
597 2863 732 2945 saitem
754 2865 823 2972 qui
845 2889 951 2942 nunc
971 2858 1058 2941 sunt

63 3007 100 3082 &
128 3003 402 3088 Buckhorstiis
418 3004 570 3088 dubito.
624 2999 688 3081 De
709 3003 857 3086 Ordine
873 2999 1057 3108 Jacobaeo

61 3139 216 3226 videtur
243 3142 369 3226 vester
391 3146 561 3226 Zaerius
598 3137 771 3220 olfeciss'e
799 3135 1056 3247 imposturam

56 3271 276 3371 Euthenai,
321 3286 391 3389 qui
420 3282 559 3364 Miraeo
588 3275 757 3358 nimium
782 3277 842 3359 illi
865 3293 1055 3384 portento

56 3417 360 3507 mendaciorum
382 3415 571 3503 tribuenti
604 3440 686 3496 non
714 3410 829 3494 semel
853 3409 1055 3520 imposuit.

39 3554 118 3645 'De
138 3558 324 3673 agricolis
342 3555 541 3642 nobilium
557 3554 600 3635 in
618 3578 824 3635 numerum
840 3549 1056 3653 adscriptis,

604 3691 624 3774 I
660 3713 692 3794 4
945 3685 1055 3798 vulgi
