2644 4466
306 261 358 338 40
401 236 569 314 arrsr.
591 233 709 311 san.
732 231 804 310 an
822 235 852 332 J.
877 233 1193 369 sponsarum

306 357 437 421 duffiim
450 357 540 418 etiam
551 356 582 412 de
592 359 710 432 conjugit
716 351 889 430 sacerdotem,
908 353 944 421 ὠ
954 358 1019 414 aliis
1036 357 1213 436 carmensis
1225 377 1269 420 eea

306 434 428 496 flislrme
444 435 477 494 in
495 431 623 511 publicis
640 430 747 494 scholis
760 435 949 510 Cautalra'giae,
967 433 1142 496 sententiam
1152 437 1182 496 δι
1195 435 1267 513 judi·

306 515 390 574 cium
403 511 491 572 suum
503 509 670 570 declaravit.
689 514 728 568 De
732 512 916 588 justificatione
925 527 1014 570 autem
1018 509 1103 588 solius
1104 513 1182 590 fidei,
1197 535 1266 575 non·

306 589 385 652 nihil
398 587 509 650 anobis¹
522 587 614 648 disere
650 587 706 660 vit,
724 589 754 648 δι
767 589 798 648 id
811 588 922 666 semper
942 589 1027 650 laude
1040 589 1069 651 δι
1081 587 1140 650 stne
1152 593 1266 664 aculeis,

302 685 451 741 nontam,
468 667 515 727 uti
534 684 590 742 ego
622 687 639 726 e
658 665 711 726 illo
730 664 866 745 eristimo
879 668 961 745 quod
980 667 1128 729 dubitavit
1146 669 1183 727 de
1195 671 1266 730 veri·

306 763 366 807 tate
378 745 459 806 illius
471 743 619 816 doetrinae,
639 761 728 820 quarn
740 743 820 820 quod
836 747 947 806 metuit
958 743 994 805 tle
1007 746 1127 806 licentia
1138 747 1216 820 vitae,
1235 747 1266 807 in

302 843 395 902 guam
414 823 536 883 virtutis
546 821 648 882 Manes
671 823 834 884 &tanturn
857 823 968 884 verbosi
990 822 1111 901 quidem
1136 822 1264 886 homines

304 902 480 980 precipites.
493 898 668 960 serebantur.
707 899 775 960 Hoc
799 899 892 977 igitur
915 898 1027 962 illustre
1040 899 1188 976 judicium
1201 899 1266 960 Res«

304 982 414 1052 manni,
442 977 499 1036 save
521 976 651 1037 hominis
672 978 872 1056 multiplicem
895 975 1066 1052 domnam,
1085 977 1142 1038 live
1167 980 1265 1058 proba·

303 1055 442 1117 ttffimam
459 1055 551 1116 vitam
565 1053 682 1133 speeies,
699 1061 791 1112 Bactra
802 1055 990 1132 impartitam,
1009 1053 1149 1117 universas
1163 1059 1266 1136 Babylo·

305 1139 380 1206 uicis,
404 1138 496 1206 licens,
523 1137 628 1206 militis,
653 1133 682 1191 δι
707 1133 831 1210 reliquis
853 1132 983 1193 sudaster
1006 1149 1090 1212 potet
1110 1153 1263 1212 opponere.

306 1211 468 1272 Scriberem
487 1208 562 1271 adte
581 1207 708 1288 copiose,
726 1227 782 1287 qua
799 1212 908 1290 pietate
925 1213 1075 1287 complexa
1088 1209 1262 1270 estssacerum

204 1341 222 1364 ,
303 1287 481 1350 nobiliffima
490 1295 551 1349 Dara
561 1286 735 1362 Suffilca'enfis,
753 1307 810 1364 qua
824 1307 892 1347 cura
905 1291 1058 1349 curatione
1072 1287 1130 1366 ipsa
1142 1291 1263 1368 praesent

304 1366 404 1427 noees
414 1366 533 1444 diesque
545 1366 631 1424 illum
653 1360 745 1437 fovit;
765 1365 819 1425 nisr
842 1385 917 1426 uxot
929 1373 962 1426 t).
978 1369 1077 1440 flutas,
1095 1368 1194 1426 omnia
1214 1369 1261 1427 illa

303 1445 504 1522 oportunius
528 1459 777 1502 commemoraret.
818 1443 909 1503 Hunc
935 1447 1045 1516 locum,
1077 1443 1106 1503 δι
1121 1443 1262 1506 hanccla·

304 1463 441 1582 rislimam
465 1521 630 1598 principem
656 1519 726 1593 scio,
745 1539 807 1579 non
832 1521 1001 1598 praeteribis,
1019 1523 1062 1581 mi
1081 1527 1192 1594 sturmi,
1217 1520 1262 1582 vel
1298 1567 1307 1592 ,η

304 1614 424 1678 propter
439 1599 606 1676 exemplum
627 1597 747 1673 relique
760 1599 932 1672 nobilitatis,
950 1601 998 1658 vel
1009 1615 1128 1678 propter
1138 1619 1203 1660 eam
1216 1602 1263 1660 bo

305 1677 508 1748 nivolentiam,
528 1694 584 1752 qua
608 1671 668 1734 haec
693 1673 866 1735 nobilissima
888 1677 998 1735 semina
1019 1692 1049 1737 te
1074 1677 1162 1737 etiam
1184 1696 1261 1738 com-

324 1749 450 1826 leffit'ur,
470 1772 534 1830 quae
555 1752 591 1812 de
609 1769 640 1811 te
660 1751 691 1811 in
703 1755 832 1827 Angliam
844 1754 1013 1814 accersendo
1025 1755 1097 1833 sepe
1110 1756 1261 1832 cogitavit.

339 1833 363 1892 is
376 1835 465 1892 etiarn
478 1831 619 1906 proximis
630 1829 826 1908 superioribus
837 1831 939 1892 diebus
950 1839 983 1891 D.
998 1832 1094 1889 chenus
1104 1834 1262 1911 pollicetur

304 1909 385 1969 aliu'd
408 1910 566 1986 separatum
589 1905 730 1984 scriptum
752 1908 788 1967 de
810 1909 895 1969 obitu
907 1916 997 1966 Bucari
1011 1933 1018 1966 :
1034 1929 1105 1969 cum
1118 1931 1261 1992 recepero,

300 1985 401 2046 sittim
425 1985 459 2045 ad
481 2003 510 2046 te
531 1987 657 2046 mittam.
696 1985 945 2046 commemoratio
968 1986 1068 2046 harum
1086 2007 1201 2062 rerum,
1220 1989 1260 2049 mi

303 2069 416 2138 sturmi,
433 2063 546 2123 sensum
569 2061 644 2121 mihi
667 2081 835 2124 commovet
858 2063 966 2124 doloris
984 2063 1165 2138 acerbillimi,
1186 2068 1260 2128 sum-

303 2143 406 2219 mique
424 2139 555 2199 desrderii
578 2138 660 2200 istius
679 2140 841 2202 saniliffimi
864 2143 938 2216 viri;
957 2142 1055 2232 qui&
1068 2144 1203 2204 multum
1216 2165 1261 2205 me

304 2219 421 2288 amavit,
442 2217 656 2307 &plurimum
679 2217 807 2280 dottam
831 2220 917 2294 juvit.
942 2239 1029 2356 cuppa
1050 2221 1142 2281 unius
1166 2241 1260 2300 opera,

304 2296 365 2354 laac
379 2292 471 2355 nostra
485 2313 560 2356 anter
570 2313 623 2356 nos
633 2298 772 2371 amicitia,
782 2315 839 2375 qua
851 2296 928 2357 nihil
940 2299 981 2357 mi
1005 2296 1153 2371 idulcius,
1167 2299 1261 2362 aretis·

304 2374 371 2432 stne
396 2372 506 2433 linnata
531 2369 579 2433 esi.
626 2374 660 2432 ln
687 2374 875 2437 recentillima
899 2395 962 2434 mea
988 2375 1089 2454 vigent
1118 2379 1260 2440 memoria

301 2451 396 2510 crebri
420 2452 502 2510 illius
515 2469 632 2510 mecum
659 2450 787 2514 instituti
808 2453 963 2526 sermones,
981 2451 1019 2511 de
1042 2453 1208 2530 religionis,
1223 2456 1260 2515 tle

302 2529 472 2606 reipublicae
494 2530 522 2588 δι
535 2525 618 2600 statu,
638 2529 667 2588 &
680 2548 773 2603 motu,
793 2531 829 2590 de
841 2531 991 2590 literarum
1004 2530 1081 2600 resto
1104 2533 1205 2608 cursu,
1224 2533 1260 2594 de

301 2623 341 2676 te,
361 2605 397 2666 de
409 2624 458 2665 rua
476 2607 610 2682 singulari
626 2605 845 2668 humanitate&
859 2607 998 2679 dosirina
1017 2607 1053 2667 cle
1064 2629 1099 2668 eo
1113 2611 1180 2685 ejus
1191 2631 1261 2672 con-

300 2683 373 2750 silio,
393 2684 509 2761 quando
523 2705 576 2744 nos
590 2686 754 2757 conjunctis
776 2687 868 2746 literis
891 2683 1004 2755 nostris,
1023 2703 1053 2746 te
1065 2685 1099 2744 ad
1113 2691 1262 2765 Aristotelis

301 2761 525 2838 explicationem
539 2761 686 2822 concitare
699 2766 857 2822 voluimus.
888 2765 932 2824 At
941 2763 1043 2835 filabo,
1056 2783 1092 2822 ne
1102 2763 1221 2826 dolores
1231 2768 1260 2828 δι

302 2857 420 2914 augeam
444 2859 532 2910 meos,
552 2841 580 2898 δι
602 2860 662 2899 non
685 2843 816 2900 minuam
840 2859 914 2900 tuos.
940 2859 1105 2916 quanquam
1120 2841 1151 2900 in
1165 2845 1260 2916 malis,

301 2919 444 2974 malorum
467 2916 555 2974 etiam
578 2917 736 2990 refricatio,
762 2921 793 2978 in
816 2919 877 2977 sinu
894 2921 922 2977 δι
945 2919 1076 2978 sermone
1098 2919 1260 2982 dulciffimi

301 2994 388 3050 amici
411 2994 546 3052 nonnihil
570 2995 751 3074 consolatur„
784 2996 859 3054 Vale
881 2997 911 3054 in
926 2993 1040 3055 Christo
1059 2994 1141 3072 Jesu.
1183 3001 1260 3060 Satis

300 3067 340 3127 est
353 3069 371 3128 li
387 3070 545 3147 intelligam
560 3088 588 3130 te
608 3071 655 3131 has
669 3071 811 3150 recepisse,
833 3075 860 3133 ὃ(
884 3093 953 3134 cum
974 3074 1041 3134 satis
1063 3076 1162 3135 otii&
1183 3080 1260 3138 laxa·

299 3149 401 3218 menri,
422 3167 436 3206 a
460 3150 641 3224 gravioribus
663 3154 750 3209 rebus
774 3151 873 3209 tarasius
895 3151 996 3216 fueris,
1015 3153 1061 3210 vel
1080 3153 1260 3214 brevillimas

299 3227 396 3283 literas
419 3239 495 3297 tuas,
521 3225 557 3283 de
579 3243 633 3284 tuo
657 3231 799 3305 Aristotele,
826 3225 953 3302 [Est-laiac,
978 3231 1006 3287 &
1030 3231 1194 3305 Demosthene
1215 3235 1259 3293 lo·

298 3319 429 3378 quentes,
448 3305 584 3370 omnibus
598 3305 657 3362 iliis
670 3311 789 3377 lisrcr'ct'r,
812 3309 954 3381 Paprstact'r,
972 3309 1083 3379 Italicis,
1102 3310 1159 3368 lite.
1193 3313 1259 3370 An-

298 3395 414 3456 tepono.
455 3381 482 3436 Si
498 3381 568 3454 quid
580 3380 672 3441 suerit
685 3385 716 3443 in
732 3390 824 3442 alanni
836 3385 925 3444 nollri
938 3385 1038 3458 liseria,
1058 3402 1158 3446 tecum
1174 3407 1259 3448 coms

301 3458 471 3517 municabit.
485 3463 562 3522 :utsii
576 3466 619 3519 18.
637 3480 716 3534 1551.

1084 3713 1260 3830 anisa.
