2644 4466
285 199 337 296 n,
407 155 1183 286 uersu.tnu.·no1.·suunnrnn.

285 319 367 384 enirn
392 313 469 378 mihi
491 313 525 375 in
549 329 600 376 tua
621 307 742 388 epistola
763 310 868 372 multet
893 309 924 372 δι
948 310 1116 396 frequentes
1135 313 1248 386 literar

284 417 358 477 quas
383 389 692 482 avidiffimenexpesbo
720 406 792 452 eum
813 405 934 480 propter
958 409 1090 480 amorem
1114 397 1180 472 erge
1200 411 1248 460 ruo

284 492 374 538 tuum
386 490 475 548 quem
486 491 523 534 ex
533 467 628 532 literis
649 485 710 530 tuu
721 464 852 558 perspexi
865 494 874 540 ;
898 483 964 528 nrm
976 487 1123 560 preerpue
1134 485 1250 557 propter.

180 578 192 604 ι
281 551 450 616 ἀοᾶῐὶηιιη
472 548 503 610 &
525 563 599 608 artes
623 543 708 605 duas:
730 544 884 622 inquibus
900 563 957 624 ego
982 567 1068 607 nnnre
1081 566 1138 622 qam
1150 547 1251 620 multis

285 625 495 702 etiamversor3
507 619 881 696 ummdillemndbalteram
890 621 1018 685 dicendi.
1037 625 1250 702 Utriqueeuim

285 711 319 772 δι
332 705 473 766 Dialectici
493 704 523 763 δι
536 703 671 762 Rhetorici
693 695 907 762 essevolumus.
926 699 976 762 sed
992 719 1028 764 tu
1046 721 1087 777 es,
1105 722 1160 780 epo
1178 721 1249 764 vero

286 805 323 848 ut
334 785 395 858 sun,
412 784 494 846 nitor
505 781 535 841 δε
550 780 675 842 elaboro.
695 779 725 840 δι
758 777 869 842 rosella
882 778 988 856 absque
998 781 1174 860 eloquentie
1186 799 1255 857 ope,

286 861 410 926 obscura
431 859 461 922 δι
485 855 601 920 sordidi
622 855 664 920 est
677 798 880 916 »subulcorum
901 855 1033 936 profeffio
1043 884 1060 931 ς.
1075 859 1104 920 δι
1117 857 1178 920 hec
1190 855 1249 935 ipsa

287 937 455 1020 eloquentia
466 935 573 1014 absque
586 931 740 998 dillermdi
753 933 883 996 doslrina
902 931 1001 998 inflata
1011 953 1116 1008 mmet,
1135 937 1166 998 δι
1177 952 1255 998 erra·

287 1017 387 1080 hunda
408 1033 547 1094 vagatum
568 1009 645 1076 nihil
658 1009 811 1076 artificiose
824 1009 924 1076 efficit.
963 1013 1006 1074 lta
1028 1034 1065 1073 ue
1078 1013 1254 1076 idemtuum

286 1099 320 1160 δι
331 1115 430 1156 meum
439 1090 481 1154 est
494 1091 651 1169 judicium,
663 1090 742 1155 idem
752 1090 900 1166 volumus,
913 1032 1029 1152 idemlqe
1050 1091 1160 1167 uimur,
1172 1090 1251 1152 idem

287 1170 501 1238 eonsellunur:
520 1167 660 1232 omnibus
685 1170 774 1230 etiam
796 1167 875 1230 idem
888 1167 1017 1230 studium
1031 1109 1258 1249 suscipiendum.

288 1247 341 1328 est,
379 1249 412 1312 ui
426 1249 565 1320 inliteris
579 1249 687 1322 vivere,
706 1249 736 1309 δι
748 1268 784 1308 eu
803 1247 897 1308 literis
918 1245 1033 1310 laudem
1052 1244 1160 1326 assequi
1181 1267 1251 1312 con-

287 1351 327 1392 cu
349 1271 454 1392 ileum.
491 1327 607 1388 Verum
617 1343 651 1386 ut
664 1322 700 1384 ad
711 1322 861 1404 epistolam
872 1343 952 1386 tuam
971 1343 1106 1386 revertar.
1128 1327 1189 1388 fuit
1201 1326 1252 1386 illa

287 1409 328 1470 m'
353 1409 365 1468 i
377 1403 589 1483 jucundissima.
608 1419 675 1464 turn
686 1403 726 1462 ob
741 1401 980 1480 significationem
991 1421 1049 1464 nire
1062 1425 1093 1466 er
1113 1425 1128 1463 a
1140 1423 1188 1466 me
1202 1404 1251 1465 be-

288 1487 468 1558 nivolentiae,
493 1500 558 1541 tum
568 1479 637 1558 quia
649 1481 741 1542 multa
753 1483 870 1543 nuntiet
882 1479 918 1542 de
933 1481 1036 1560 Regno
1049 1503 1085 1555 ve
1144 1527 1152 1556 ,
1171 1479 1251 1559 quod

287 1563 401 1642 semper
425 1557 634 1624 nobilillimum
656 1560 686 1619 δι
710 1556 933 1620 munitillimum
946 1561 1047 1622 multis
1058 1560 1192 1622 &tatibus
1201 1557 1251 1620 ha-

288 1641 388 1702 bitum
400 1636 450 1700 est.
470 1636 506 1698 de
517 1637 608 1714 Rege,
627 1633 664 1696 de
677 1653 737 1713 quo
747 1637 880 1716 preclara
893 1637 922 1698 δι
936 1656 1012 1699 oerta
1024 1635 1065 1698 est
1077 1636 1252 1718 prudentie,

289 1717 463 1789 clementie,
480 1715 631 1852 religionis
657 1713 720 1793 spes
745 1732 905 1794 conceptae
923 1718 955 1775 de
967 1718 1106 1798 Gur'lr'elmo
1128 1723 1253 1792 Pagone

289 1797 378 1879 eujus
400 1815 456 1872 ego
479 1813 533 1872 pro
554 1795 655 1854 itatem
675 1791 947 1856 &moderationem
960 1789 1147 1856 consiliorum
1160 1793 1253 1856 &hu-

290 1877 460 1935 manitatem
480 1873 569 1930 Calen'
590 1887 656 1932 ante
681 1891 771 1934 annos
783 1872 857 1950 quin
877 1889 914 1932 ue
927 1873 1064 1950 cognovi.
1083 1871 1120 1934 de
1129 1873 1209 1932 chen
1221 1872 1252 1934 bc

291 1951 402 2025 smitho,
413 1950 465 2028 qui
476 1948 562 2012 nobis
575 1969 590 2008 a
602 1949 704 2012 multis
713 1949 779 2011 sunt
792 1890 961 2028 probem,
981 1950 1018 2009 de
1029 1955 1129 2016 Joanne
1143 1946 1252 2026 Melino,

288 2047 379 2108 quem
401 2033 515 2086 Montius
536 2023 633 2087 noller
654 2047 757 2104 magna
776 2027 972 2088 benivolentia
990 2027 1205 2105 complectitur,
1222 2027 1252 2087 δι

287 2105 388 2166 laudet
401 2104 476 2166 mihi
498 2104 703 2183 sepenumero,
722 2107 838 2184 quoties
859 2125 915 2184 ego
938 2111 1047 2181 Pagetti
1057 2107 1191 2168 memini.
1217 2103 1253 2165 de

292 2185 413 2243 lladdont
437 2183 639 2242 Procancellarir
662 2180 767 2256 vestm,
797 2201 886 2260 quern
910 2197 945 2244 tu
966 2203 1035 2246 cum
1056 2183 1254 2260 superioribus

290 2264 458 2342 componis3
473 2257 514 2333 =de
536 2259 691 2322 nobilitate
712 2259 823 2334 vestm
845 2261 873 2322 Sc
896 2260 932 2321 de
944 2263 991 2334 iis,
1010 2263 1062 2340 qui
1086 2265 1118 2324 in
1132 2263 1257 2320 Galliam

290 2359 362 2403 curn
374 2338 468 2400 tribus
481 2333 581 2398 vestris
593 2338 695 2416 legatis
715 2337 838 2418 profesli
850 2339 927 2400 sunt.
955 2337 1100 2417 postremo
1111 2338 1149 2400 de
1173 2338 1254 2400 Do-

291 2417 421 2480 MINA
450 2415 770 2490 ELIZABETHA,
800 2419 853 2496 qui
867 2419 949 2480 locus
962 2437 1022 2494 quo
1040 2417 1100 2478 suit
1112 2419 1254 2496 prolixior

289 2511 378 2574 quam
397 2492 514 2570 reliqui,
533 2514 570 2554 eo
582 2513 637 2572 ego
659 2495 795 2572 longiora
806 2494 930 2570 legendo
952 2495 1139 2572 requirebam.
1181 2496 1254 2558 Haec

289 2575 420 2652 inquam,
440 2572 537 2632 omniu
549 2571 670 2632 fuerunt
690 2571 896 2648 jucundiffimn.
917 2593 1019 2634 verum
1032 2574 1083 2634 ubi
1097 2573 1172 2633 mihi
1192 2593 1255 2634 tan·

290 2667 356 2712 tum
379 2647 496 2724 tribuis,
515 2665 656 2725 quantum
678 2671 734 2728 ego
758 2652 881 2712 minime
899 2649 1011 2726 pullum
1024 2652 1189 2727 agnoscere,
1212 2651 1257 2712 ibi

290 2728 445 2810 pudorem,
462 2746 497 2790 ur
508 2733 613 2784 Horatii
625 2745 690 2788 utar
710 2731 816 2802 verbis,
836 2725 981 2802 incussisti,
1001 2747 1149 2808 propterea
1173 2727 1256 2806 quod

291 2804 422 2885 prestare
434 2825 495 2864 non
505 2801 618 2880 possum
642 2804 802 2868 dom-inam
817 2803 845 2865 δι
860 2805 1013 2882 judicium,
1033 2808 1073 2868 itu
1086 2825 1119 2868 ut
1130 2826 1165 2868 tu
1178 2805 1253 2868 milii

291 2878 449 2960 ascripsisti.
471 2879 533 2940 Ubi
548 2903 618 2942 vero
630 2886 714 2962 petis,
725 2905 758 2943 ut
769 2885 916 2941 ebulonem
927 2887 1055 2957 Plutom's,
1064 2903 1097 2944 ut
1109 2885 1257 2964 Arrjlotelis

290 2963 368 3019 libros
381 2963 411 3018 de
437 2964 539 3030 anima,
558 2961 587 3021 δι
612 2980 646 3022 ut
658 2961 789 3034 eiusdem
802 2963 946 3020 Rheni-scos
958 2965 1034 3020 libros
1045 2963 1149 3024 Latine
1166 2966 1256 3022 inter-

291 3038 434 3118 preter&
456 3039 623 3114 explanem:
652 3039 724 3100 item
750 3059 784 3102 ut
807 3041 977 3117 Demosthenis
1000 3042 1029 3102 δι
1053 3037 1185 3115 ilfi-binis
1207 3039 1257 3100 nd·

292 3117 428 3176 versariis
448 3115 523 3176 inter
536 3111 564 3176 se
583 3119 726 3178 orationes
752 3137 940 3190 ,convertnn3
961 3135 994 3177 ut
1015 3118 1168 3195 promissos
1180 3141 1195 3178 a
1208 3139 1256 3178 me

292 3193 334 3254 de
356 3198 456 3248 Latina
471 3195 591 3268 loquendi
615 3200 716 3250 rationu
741 3197 832 3258 libros
858 3196 1018 3272 divulgem,
1047 3217 1105 3256 non
1132 3215 1192 3256 tam
1216 3199 1257 3256 la·

292 3272 394 3330 borem
407 3271 501 3344 fugin,
522 3272 573 3346 qui
596 3269 795 3349 suscipiendus
817 3272 893 3346 esser,
913 3295 999 3352 quum
1013 3275 1044 3334 in
1069 3273 1257 3354 suscipiendo

292 3349 450 3418 audaciam,
471 3349 498 3406 tt
511 3347 688 3422 divulgando
701 3353 870 3412 temeritatis
880 3372 967 3428 atque
980 3354 1147 3428 arrogantiae
1162 3351 1258 3430 suspi-

293 3428 420 3497 cionem,
440 3441 502 3500 quae
516 3424 661 3502 superiore
682 3449 759 3489 anno
779 3429 936 3507 ingrell'urn
958 3431 989 3490 in
1002 3429 1058 3489 hoe
1071 3432 1257 3492 curriculum

292 3503 371 3579 quast
385 3504 538 3562 revocavit.
580 3504 671 3564 Statui
682 3509 761 3566 enim
774 3510 918 3583 Aristotelis
931 3509 1077 3566 Rhetoricos
1093 3511 1171 3565 libros
1192 3527 1258 3585 per·

292 3581 388 3660 petuis
399 3580 540 3654 explicare
551 3577 749 3643 differentium
769 3585 964 3646 sermonibus:
989 3605 1114 3661 quorum
1127 3587 1256 3662 aliquam

294 3675 403 3740 partem
416 3658 546 3722 Librurio
561 3659 704 3737 dedernn,
725 3661 772 3725 sed
784 3667 895 3727 mutavi
908 3665 1088 3728 sententium.
1112 3667 1157 3744 pri
1163 3685 1259 3733 nrum,

1135 3759 1258 3820 propter
