2654 4466
274 201 350 294 ²7⁸
393 190 600 272 nonunt
626 181 871 270 nscnnnr
894 145 1058 268 nrisn
1081 187 1203 270 rim.
1301 179 1305 186 ’

535 479 568 558 E
591 477 616 554 Ρ
637 481 657 553 Ι
680 481 703 556 S
727 477 775 554 T.
823 477 992 558 XXVIII.

273 617 492 690 ouonus
522 619 914 687 onnarrssrnrrs
937 586 1255 702 juvaturus,

442 718 722 796 suminus
762 717 931 802 Anien
970 720 1082 784 suro.

373 877 526 958 Triusque
548 875 685 954 vestrum,
703 871 874 936 ornatissimi
892 873 1035 952 Juvenm,
1054 876 1198 954 singulare
1220 875 1251 942 in

392 979 440 1020 me
453 956 592 1028 studium,
603 975 701 1018 coram
714 957 746 1014 in
760 955 854 1026 Italia,
867 974 902 1014 ex
915 956 1018 1017 multis
1031 957 1118 1032 gratis
1131 954 1250 1018 officiis:

273 1037 307 1100 bt
329 1036 426 1120 postea
449 1037 480 1096 in
503 1035 642 1108 flandria,
671 1053 706 1094 en
729 1029 900 1092 stravIssimIs
922 1031 1023 1092 vestris
1047 1034 1150 1108 literis,
1182 1053 1252 1096 curn

270 1113 388 1180 summa
417 1133 480 1175 mea
510 1113 624 1191 semper
652 1111 803 1187 voluptate
835 1127 969 1189 expertus
993 1105 1069 1174 sum.
1110 1129 1144 1172 ut
1169 1130 1252 1172 antea

273 1192 370 1258 vestro
393 1210 491 1253 amore
514 1191 617 1263 calere,
652 1207 732 1248 nunc
745 1189 829 1264 plane
841 1187 1021 1248 exardescere
1034 1189 1141 1250 merito
1155 1189 1251 1252 videri

272 1269 385 1408 posim.
423 1270 510 1332 Hanc
522 1268 595 1330 mihi
610 1287 679 1327 cum
692 1264 781 1326 vestra
795 1266 906 1326 familia
919 1264 1084 1328 institutam
1099 1265 1252 1332 necentu-

297 1351 386 1421 inem,
415 1367 451 1408 eo
494 1347 567 1408 luris
591 1342 679 1418 facio,
699 1342 779 1421 quod
793 1363 834 1416 ea,
854 1363 915 1404 non
929 1344 962 1404 ab
977 1345 1115 1408 utilitatis
1128 1345 1177 1423 spe
1190 1345 1251 1406 ulla

296 1428 416 1501 rosebta,
435 1366 493 1487 serf
507 1425 542 1485 ab
566 1421 628 1498 ipso
651 1421 713 1483 solo
737 1419 926 1484 humanitatis
949 1421 1033 1486 sonte
1047 1441 1107 1488 tota
1120 1422 1253 1487 derivata

272 1445 317 1566 iat.
357 1523 455 1586 quam,
475 1502 511 1563 ric
536 1520 551 1560 a
574 1497 659 1561 vobis
682 1499 848 1560 humaniter
860 1498 1029 1578 susceptam,
1051 1499 1254 1562 &nostrada-

273 1579 378 1661 inceps
401 1583 479 1644 inter
502 1597 555 1638 nos
578 1593 680 1638 mutua
704 1579 867 1650 voluntate,
886 1577 1025 1658 utrinque
1038 1579 1066 1642 δι
1079 1578 1174 1640 sande
1188 1581 1254 1641 cuI·

273 1671 344 1732 tam,
365 1660 394 1720 δι
416 1651 580 1720 constanter
603 1654 812 1728 conservatam,
831 1674 887 1734 ego
911 1654 1023 1736 semper
1047 1659 1077 1716 in
1091 1657 1252 1736 posterum,

274 1737 359 1799 omni
383 1735 489 1798 amoris
512 1731 662 1811 officiique
685 1735 817 1804 cumulo,
838 1731 932 1794 indies
954 1754 998 1794 ma
1022 1735 1045 1796 is
1058 1751 1145 1814 arque
1159 1737 1255 1814 magis

275 1834 382 1894 augere
393 1815 422 1874 dr
433 1809 609 1950 amplificare
622 1809 766 1872 laborabo.
787 1809 833 1871 De
847 1809 941 1886 vobis,
951 1754 1118 1892 vesirisque,
1132 1813 1254 1874 &nunc

274 1895 308 1953 in
324 1893 407 1955 Italiae
419 1911 478 1972 prae
491 1889 608 1950 entibus
623 1884 736 1962 studiis,
751 1889 779 1950 bc
794 1885 888 1968 postea
903 1888 935 1949 in
949 1893 1047 1966 Anglra
1059 1891 1170 1951 suturis
1185 1895 1254 1952 vite

274 1968 449 2044 rationibus,
477 1967 644 2104 fredquentes
657 1965 801 2027 sermones
816 1987 885 2029 curn
899 1984 978 2046 patre
991 1968 1094 2044 vestro,
1115 1967 1193 2028 mihi
1206 1967 1257 2029 ad-

273 2045 399 2116 modum
423 2047 516 2121 iucun
537 2068 567 2106 r:
601 2045 657 2116 iIIi,
676 2061 711 2104 ut
723 2043 820 2115 video,
841 2065 901 2104 non
915 2047 1031 2125 ingrati,
1053 2047 1192 2118 &vobis,
1220 2058 1257 2108 ut

274 2123 371 2205 spero,
392 2120 548 2200 aliquando
572 2122 733 2194 commodi,
760 2122 842 2182 domi
868 2144 882 2182 a
904 2121 945 2183 ud
968 2123 996 2184 se
1018 2124 1132 2204 saepius,
1152 2141 1190 2186 ut
1210 2122 1256 2198 fit,

275 2199 493 2262 instituuntur·
520 2201 559 2262 Et
581 2220 650 2260 cum
672 2221 738 2282 ego,
770 2221 867 2262 revera
881 2143 991 2278 iamper
1003 2199 1067 2262 sum
1081 2199 1181 2262 vestre
1195 2203 1258 2264 vir·

275 2280 351 2341 tutis
363 2278 470 2351 fautor,
500 2277 529 2340 δι
543 2279 630 2339 etiam
644 2283 733 2357 cupio
747 2278 904 2355 aliquando
918 2277 973 2339 esse
987 2279 1084 2340 vestre
1099 2279 1259 2360 dignitatis

273 2355 402 2431 adjutor,
422 2376 593 2437 eccequam
606 2375 771 2436 opportune
786 2358 893 2416 interea
905 2359 1055 2433 temporis,
1083 2357 1178 2418 factus
1191 2357 1259 2420 sum

274 2431 376 2495 vestrae
402 2433 496 2495 laudis
522 2433 602 2495 testis
627 2451 713 2512 atque
737 2433 895 2514 applausor.
933 2435 1053 2508 Literas,
1079 2453 1151 2512 quas
1163 2442 1261 2493 Petras

276 2517 380 2574 Vannes
406 2513 437 2574 in
463 2511 617 2591 utriusque
640 2510 767 2573 vestrum
781 2511 905 2581 laudern,
926 2529 1055 2572 amanter
1067 2512 1132 2573 sane
1146 2514 1176 2573 δι
1189 2511 1259 2576 fuse

279 2589 394 2672 scripsit
406 2589 441 2650 ad
462 2587 725 2652 reverendiffimum
740 2587 947 2664 Wnnnienfivm,
959 2611 1014 2669 ego
1029 2591 1095 2670 ipse,
1116 2590 1261 2670 depactis

277 2668 367 2730 vestri
382 2668 501 2730 consilio
516 2667 560 2728 illi
575 2665 689 2729 tradidi.
714 2667 774 2727 illas
788 2665 860 2748 ipsas
875 2669 945 2727 mihi
962 2671 1095 2728 recitavit
1106 2689 1143 2729 eo
1157 2672 1261 2746 vultu,

275 2745 460 2825 &eogestu,
490 2763 524 2806 nt
536 2745 632 2805 sensus
645 2748 723 2805 illius
736 2765 802 2821 erga
816 2765 868 2804 vos
882 2747 984 2816 animi,
1012 2765 1097 2822 atque
1110 2746 1184 2806 adeo
1211 2751 1262 2825 ju.

276 2824 361 2894 dicii,
392 2823 496 2884 multis
519 2822 576 2883 sese
599 2822 696 2882 modis
719 2821 888 2883 ostenderet.
930 2825 1026 2884 Multa
1042 2826 1092 2885 ille
1106 2845 1142 2886 ex
1156 2845 1208 2886 me
1222 2825 1262 2888 de

275 2901 381 2963 vobis:
401 2902 492 2960 multa
507 2899 542 2959 de
556 2901 655 2962 vestris
668 2897 777 2971 studiis,
797 2899 832 2959 de
846 2919 936 2973 aetare,
959 2901 1063 2974 forma,
1081 2901 1200 2975 statura,
1222 2903 1262 2966 de

276 2978 475 3062 permanfione
490 2981 520 3037 in
532 2981 627 3050 Italia,
639 2977 675 3037 de
687 2978 784 3038 reditu
800 2981 828 3037 in
843 2979 985 3057 patriam:
1004 2981 1096 3039 multa
1108 2977 1144 3039 de
1158 2981 1262 3044 vestro

300 3074 457 3137 receptore
472 3054 603 3116 Domino
616 3057 746 3114 Turabudo
759 3055 917 3134 diligenter
929 3057 1107 3136 perquIfivit.
1138 3057 1174 3117 ad
1189 3077 1262 3136 que

276 3077 398 3212 iugula,
431 3153 487 3210 ego
506 3131 542 3191 fic
555 3131 697 3212 respondi,
732 3133 882 3212 quomodo
896 3135 1095 3196 benivolentia
1107 3135 1189 3196 inter
1202 3159 1263 3200 nos

275 3213 307 3273 δι
326 3209 429 3282 vestra,
446 3211 475 3270 δι
489 3227 615 3290 paterna,
643 3211 758 3284 &mea‚
800 3212 928 3272 uomodo
942 3213 1089 3290 judicium
1103 3233 1207 3276 meum
1222 3216 1263 3280 de

276 3288 370 3364 vobit,
404 3286 553 3366 quomodo
567 3288 727 3368 expediatio
741 3230 831 3351 vaira
844 3291 880 3350 de
893 3311 949 3362 me,
970 3290 1121 3370 quomodo
1134 3291 1195 3369 ipsa
1211 3315 1262 3356 res

276 3383 365 3445 atque
379 3367 484 3426 veritas
497 3363 662 3444 postulavit.
694 3367 771 3427 Deni
795 3391 832 3429 ue
847 3370 932 3429 illum
947 3368 1077 3428 nostrum
1089 3368 1262 3438 sermonem

276 3442 382 3504 illustri
409 3442 445 3502 de
468 3445 717 3528 vobisyconclusrt
739 3391 843 3516 iudicii
867 3445 911 3505 sui
934 3445 1112 3522 testimonio,
1142 3447 1264 3525 dicens,

275 3519 511 3585 feliciffimorum
531 3541 682 3599 parentum
696 3521 849 3583 felicissimi
863 3522 991 3585 existunt
1003 3527 1096 3586 liberi.

316 3599 445 3672 Videtis,
462 3599 631 3658 ornatissimi
647 3602 775 3674 juvenes,
790 3621 877 3679 quarn
893 3622 1008 3677 gravem
1021 3602 1263 3681 expedbationem

278 3677 437 3752 sustinctis,
454 3697 517 3740 non
530 3676 633 3754 laudis,
652 3696 740 3757 quam
751 3678 849 3760 adepti
859 3678 945 3758 estis,
972 3681 1022 3746 sed
1033 3682 1200 3762 dignitatis,
1224 3683 1264 3744 ad

1164 3778 1264 3837 quam
