2644 4466
221 317 226 323 ,
298 261 348 324 52
391 233 559 309 EPIST.
581 233 697 310 tint.
721 233 793 308 AD
814 235 844 331 J.
870 229 1182 308 STURMIUM.

299 352 378 428 apud
400 371 469 414 euin
490 351 671 431 pranderem
690 353 821 416 incidens
843 355 876 414 in
898 352 1061 414 sermonem
1083 349 1120 412 de
1141 349 1262 416 eruditis

299 429 467 504 virisliuius
480 432 581 504 etatis,
599 429 788 494 honorificam
800 433 846 492 nii
865 432 1046 492 mentionem
1056 429 1154 492 fecie*
1178 429 1262 492 Tum

299 525 372 586 ego,
397 507 434 566 de
456 523 511 568 tuo
533 509 773 586 Arabumque,
798 507 834 570 de
857 507 991 567 Rhetorica
1013 507 1182 586 Ariiscteb'cq
1207 527 1262 586 pro

172 657 175 662 ¹
299 583 398 650 nostro
417 604 524 656 amore,
543 585 572 646 δι
592 605 660 647 meo
671 583 709 646 de
721 601 751 647 te
764 584 877 661 judicio
888 585 1193 666 libenter&copiose.
1212 587 1263 646 ille

298 681 371 724 vero
391 662 526 740 probavit
546 661 629 723 valde
650 661 819 726 institutum
838 681 935 724 tuum.
964 659 1118 743 postquem
1139 681 1197 740 ego
1219 665 1264 726 soc

299 757 416 816 quutut
423 739 497 813 sum,
516 737 553 800 de
564 742 674 802 ratione
687 740 740 802 hac
753 742 783 802 δι
796 741 936 802 facultate
948 740 1102 816 Analyti’cc,
1121 757 1188 818 que
1200 760 1263 802 non

297 821 331 878 in
343 819 507 897 conquisito
520 819 669 881 limarum
680 818 793 893 ordine,
816 817 865 880 sed
877 818 1001 881 naturali
1013 835 1110 878 terion
1121 835 1263 898 compage

298 913 475 957 cerneretur.
507 897 544 958 Et
556 897 650 975 palam
662 895 697 964 bt,
704 898 831 976 ingenue
844 893 999 958 affirmabat
1011 896 1082 955 inte
1093 890 1189 968 fuisse,
1201 913 1264 956 non

298 972 394 1034 solum
415 973 731 1051 magnundoffi‘imm,
749 975 779 1036 bc
801 991 894 1036 ratini
910 971 1187 1052 eloqueiitiun„sed
1197 991 1264 1034 mo-

297 1049 478 1112 derationem
497 1053 683 1130 ctiainatque
706 1050 859 1130 judicium.
898 1050 1055 1129 Querebat
1075 1067 1191 1130 portet
1206 1070 1265 1126 me,

299 1148 336 1190 an
368 1131 508 1208 uicquim
520 1149 577 1206 ego
584 1147 716 1206 unquam
729 1129 791 1190 vidi
802 1128 838 1189 de
848 1127 930 1190 libris
940 1131 1069 1186 ciceronis
1079 1130 1112 1186 dc
1123 1127 1264 1204 republica.

217 1263 226 1280 ,
299 1205 358 1270 Aie
393 1222 407 1268 t
426 1207 455 1268 se
477 1205 565 1276 semel
587 1208 683 1268 millii
706 1207 766 1267 duo
788 1225 941 1268 aureorum
964 1203 1177 1286 consumpsisse,
1195 1207 1288 1268 mit·'

298 1283 389 1363 tendo
401 1300 482 1346 certo
493 1283 621 1364 quodem
633 1283 752 1345 homine
764 1283 796 1346 in
808 1286 950 1357 Pisoniani,
969 1283 1023 1362 qui
1034 1301 1084 1344 eos
1096 1283 1187 1345 libros
1198 1301 1265 1362 per.-

297 1363 443 1439 quireret;
464 1379 592 1440 quorum
613 1363 676 1422 illie
700 1361 942 1424 inveniendorum
955 1360 1035 1440 spem
1048 1359 1264 1498 guidemeise·

297 1457 384 1504 cetat.
423 1441 487 1518 Ego
498 1437 593 1500 statim
604 1441 727 1513 narravi,
737 1437 809 1518 quid
821 1455 855 1498 tu
864 1438 899 1499 ad
908 1458 956 1499 ine
968 1440 1040 1498 olim
1069 1437 1263 1500 eillislibtis.

298 1516 339 1578 Et
349 1521 471 1594 rogavit,
490 1533 526 1576 ut
538 1515 573 1576 ad
584 1532 613 1576 tc
625 1515 788 1589 scriberem,
809 1533 843 1577 ut
852 1515 1001 1588 sciremus,
1019 1515 1128 1593 ecquid
1138 1534 1178 1576 ne
1190 1517 1264 1577 certi

298 1593 336 1653 de
356 1595 415 1655 illis
434 1595 525 1656 libris.
564 1593 659 1654 Valde
671 1592 814 1654 sollicitus
832 1592 897 1654 suin
908 1593 944 1654 de
963 1595 1101 1672 quinque
1119 1593 1266 1652 Rhetoricis

298 1671 374 1728 libris
387 1691 462 1749 quos
475 1677 576 1728 Verteri'
593 1672 689 1744 scatet,
708 1673 755 1732 uti
765 1670 874 1746 scribis,
902 1670 1001 1732 secum
1022 1671 1055 1731 in
1074 1671 1191 1728 Italiam
1213 1669 1265 1730 de-

299 1765 461 1824 portarunt.
499 1748 543 1808 Eo
565 1747 630 1810 sum
641 1748 778 1820 securior,
798 1767 858 1826 quo
876 1750 1048 1810 amantiores
1069 1749 1117 1810 tui
1138 1767 1190 1809 eos
1207 1745 1265 1810 effe

299 1825 379 1887 scio:
398 1825 481 1886 valde
490 1843 589 1887 tamen
601 1825 701 1887 avidus
716 1825 780 1886 suin
787 1823 908 1900 sciendi,
927 1824 1001 1904 quid
1011 1823 1046 1886 fit
1057 1825 1116 1886 illis
1127 1825 1220 1899 libris,
1232 1826 1265 1888 bt

299 1919 361 1980 quo
373 1901 534 1983 progressus
546 1925 577 1965 cs
591 1905 621 1964 in
643 1906 771 1982 reliquis.
791 1917 795 1926 ·
811 1905 895 1964 Eteri
917 1919 1042 1966 mutares
1054 1901 1206 1963 consilium
1219 1905 1266 1964 in·

299 1980 476 2042 troducendi
498 1981 599 2042 mein
622 2001 691 2040 eum
711 1979 890 2041 sermonemi
920 1980 1001 2058 quod
1014 1995 1139 2040 inianter
1161 1982 1266 2059 potius

300 2075 391 2134 quani
403 2057 560 2137 prudenter
572 2079 587 2117 a
600 2074 629 2118 te
641 2057 751 2120 fastum
762 2054 818 2118 esse
831 2057 941 2132 iudico.
979 2057 1035 2118 Sed
1046 2055 1121 2118 nihil
1132 2059 1265 2136 optatius

300 2133 374 2195 mihi
394 2137 525 2198 accidere
548 2133 652 2214 potest,
670 2153 758 2213 quiin
779 2133 867 2196 nostri
894 2138 969 2196 inter
990 2155 1045 2196 nos
1067 2139 1184 2208 amoris,
1202 2152 1266 2198 nm

300 2213 472 2292 praeclarum
483 2211 602 2291 posteris
611 2215 698 2274 etiam
710 2211 817 2274 exstare
828 2210 1035 2274 testimonium.
1067 2213 1178 2274 Omnia
1191 2231 1267 2292 pim-

300 2291 375 2349 clara
395 2293 426 2351 in
446 2295 541 2370 primo
562 2291 590 2352 bc
611 2289 738 2358 secundo
754 2291 838 2363 libro,
863 2309 913 2350 eos
935 2306 1050 2352 tantuin
1069 2290 1146 2352 uidi:
1173 2289 1267 2352 sedte

300 2365 398 2444 ipsum
419 2367 543 2448 superas,
571 2368 689 2444 quando
711 2367 880 2444 digrederis,
905 2385 940 2426 ut
965 2368 1078 2428 inillis
1100 2367 1269 2446 insignibus

300 2445 383 2518 locis,
395 2443 432 2504 de
444 2447 512 2509 vitae
525 2446 664 2506 brevitate
677 2446 858 2523 &temporis
871 2443 998 2505 siabendi
1011 2446 1130 2506 ratione.
1172 2446 1268 2508 Cum-

300 2541 359 2598 que
381 2543 437 2601 ego
456 2541 514 2584 tres
532 2521 594 2583 dies
616 2523 755 2602 permansi
767 2526 927 2596 Argeiiti'nae,
951 2521 1034 2581 valde
1053 2522 1194 2583 credibile
1207 2527 1268 2586 erit

299 2619 354 2659 nos
374 2599 504 2661 incidisse
526 2601 558 2660 in
580 2603 674 2660 varios
690 2599 845 2672 sermones,
863 2599 894 2658 di
906 2601 979 2655 Ausa
996 2594 1114 2673 cesaris,
1132 2599 1170 2659 de
1192 2600 1269 2664 belli

300 2675 435 2766 pacisque
448 2678 646 2754 temporibus,
670 2675 706 2736 de
727 2680 839 2738 titione
860 2675 1031 2749 studiosum,
1056 2677 1085 2736 bc
1107 2697 1169 2736 non
1191 2699 1269 2740 con·

298 2753 445 2831 sumpsisse
455 2773 551 2816 totuin
565 2755 640 2814 illud
651 2771 710 2814 tem
734 2775 778 2826 us,
796 2758 828 2815 in
840 2752 993 2814 subtilibus
1005 2754 1042 2812 de
1061 2752 1119 2830 ipsa
1133 2771 1194 2814 nete
1208 2755 1269 2817 dis-

300 2831 510 2910 putationibus.
543 2832 581 2890 Et
589 2834 638 2894 illi
647 2773 732 2910 apud
733 2834 867 2889 Platonem
878 2827 1063 2911 potissimum,
1077 2832 1270 2891 &Ciceronem

300 2909 388 2969 etiam
415 2902 447 2960 πὶ
468 2901 582 2983 νέμῃ·
593 2908 735 2988 superant,
754 2929 847 2970 meto
870 2911 977 2980 inione,
995 2907 1054 2987 ipsi
1072 2901 1104 2958 πὶ
1115 2902 1178 2970 0835
1190 2901 1270 2983 'sew-

300 2985 357 3048 Sed
370 2989 487 3064 ineptus
508 3006 564 3063 ego
575 2990 625 3064 qui
639 2986 700 3048 haec
712 2985 747 3045 ad
759 3005 805 3047 tc:
832 2929 871 3046 asi
888 2989 984 3045 omnia
998 2984 1145 3063 affignabis
1165 2987 1272 3050 libere

299 3059 402 3124 nostro
425 3065 566 3124 amicitie.
605 3064 650 3123 De
673 3083 764 3124 uxore
787 3064 866 3140 quod
883 3065 964 3142 cupis
977 3062 1057 3134 scire,
1077 3063 1165 3126 vultu
1178 3065 1272 3128 valde

302 3141 390 3200 refert
412 3159 593 3202 materteram
614 3139 694 3202 suam
716 3149 750 3200 D.
771 3147 803 3200 R.
824 3143 924 3216 Wcsrpi
943 3159 1073 3201 uxorem.
1111 3141 1150 3199 Et
1170 3140 1271 3210 habeo

300 3219 389 3277 talem
413 3239 536 3278 uxorem
560 3221 673 3293 qualem
701 3213 1203 3290 scutineiSturmiussx'ogcroAfthame
1233 3224 1272 3281 li.

301 3295 402 3355 benter
424 3310 544 3374 optaret,
563 3317 670 3353 nomen
694 3294 733 3355 cst
752 3303 915 3369 linigeram,
938 3295 998 3354 dies
1012 3297 1179 3372 nuptiarum
1203 3298 1272 3360 fuit

300 3375 413 3448 primus
437 3373 633 3437 Jiirii'isrscniis
657 3393 737 3448 1554.
769 3374 874 3449 siquid
888 3374 933 3430 vel
954 3375 984 3430 in
997 3372 1050 3431 illo
1063 3375 1194 3446 nomine,
1217 3379 1272 3436 vel

299 3452 351 3510 illo
365 3449 411 3508 die
423 3451 479 3509 loti
495 3453 603 3510 oiiiinis
615 3453 689 3510 insit.
729 3449 757 3509 Si
769 3472 833 3509 nves
844 3452 924 3520 sciro,
943 3447 1082 3525 quidnam
1094 3467 1192 3509 reruni
1207 3471 1271 3530 ugo

299 3529 331 3586 in
351 3528 437 3599 Aula,
458 3529 603 3603 intelligas
625 3547 775 3603 nunquam
799 3527 870 3585 milii
896 3529 986 3599 magis
1007 3547 1027 3584 o
1048 3544 1141 3586 tatum
1163 3530 1271 3592 otium

299 3602 463 3664 concessum
476 3601 559 3662 fuisse
574 3607 603 3661 in
614 3604 785 3672 neiiemm
807 3624 892 3680 quain
907 3625 986 3662 nunc
999 3548 1045 3662 esi1
1050 3608 1078 3662 in
1092 3604 1192 3680 Regia.
1227 3609 1269 3668 D.

298 3681 606 3750 ELIZABETHA
646 3685 673 3746 bc
696 3701 750 3757 ego
775 3701 831 3740 uni
854 3685 980 3758 legimus
1002 3689 1086 3754 Greci
1108 3683 1269 3833 oissaiism

288 3777 290 3782 '
1171 3773 1268 3821 c'smss

1309 92 1314 145 l
