2604 4462
238 317 550 403 Enrsnonu
588 318 879 404 Sunucrm.
996 311 1058 397 21v

28 495 77 571 δε
111 479 273 566 Gallici
303 481 338 563 F
338 480 483 570 oederis
499 483 703 577 studium,
738 505 858 597 atque
872 482 915 569 id
930 485 1060 595 ipsum
1101 557 1104 564 Δ

27 625 128 710 stne
146 620 238 706 ullo
255 647 347 705 meo
361 621 578 711 commodo
599 673 612 713 2
647 650 700 714 ne
714 623 764 706 ab
780 624 953 708 inimicis
971 624 1061 734 qui·

29 761 138 847 dem
158 761 377 870 quicquam
394 761 562 848 antehac
579 759 780 870 objectum
799 760 877 856 est,
912 761 1059 846 valent.
1178 771 1181 779 “

1 904 2 909 '
33 903 140 986 Oro
167 917 211 981 te
237 917 358 1008 atque
375 897 538 985 obsecro
558 923 602 983 ut
626 919 819 1010 quantum
837 921 955 1010 potes
989 929 1060 1012 pa-

37 1040 170 1122 triam
208 1034 382 1121 nostram
412 1037 659 1123 laborantem
690 1036 877 1120 sustentes
914 1044 955 1119 &
991 1037 1061 1122 sal·
1096 1130 1099 1140 ¹

45 1203 148 1258 vum
164 1172 339 1284 praestes,
358 1175 625 1286 quodcunque
647 1175 685 1258 ei
712 1173 828 1258 restat
857 1174 1061 1258 libertatis.

50 1310 236 1400 Postulat
256 1309 372 1396 hoca
396 1339 461 1400 me
485 1342 597 1398 amor
611 1313 752 1396 Patriae
768 1314 831 1400 cui
853 1310 954 1395 mala
972 1341 1061 1398 mea

46 1480 137 1537 non
156 1435 349 1566 imputo]
394 1459 435 1536 &
454 1452 583 1565 Regis
607 1451 669 1532 cui
688 1480 793 1533 nunc
814 1453 920 1534 bona
939 1451 1063 1563 pluri-

1 1663 2 1666 s
45 1619 116 1678 ma
142 1590 284 1673 debeo.
357 1589 409 1672 Et
435 1591 565 1703 Regis
600 1587 762 1700 quidem
793 1593 836 1673 in
860 1617 925 1672 me
945 1591 1062 1673 bene-

45 1726 275 1813 volentiam
297 1749 342 1812 ut
368 1727 563 1812 retineam
592 1727 708 1811 facile
737 1755 801 1813 me
823 1728 1062 1822 ‚consecutu-

47 1893 146 1951 rum
161 1859 347 1959 confido,
373 1889 414 1950 te
433 1866 624 1976 adjutore.
697 1863 996 1976 Nequelenims
1018 1891 1063 1952 ut

1 2051 2 2120 3
47 2003 196 2115 spero,
230 2027 352 2114 grave
371 2003 445 2088 tibi
462 2005 536 2087 erit
560 2007 601 2090 in
629 2029 694 2087 me
718 2002 974 2088 defendendo
993 2031 1064 2089 eos

48 2140 171 2252 sequi
198 2165 366 2252 quorum
388 2143 574 2225 virtutem
595 2163 662 2227 aut
686 2141 866 2234 imitaris,
885 2165 951 2227 aut
975 2141 1064 2222 vin·
1133 2239 1137 2244 ¹

49 2285 122 2367 cis.
195 2280 234 2362 A
263 2279 408 2365 nostris
436 2279 539 2363 nihil
567 2283 712 2394 exigo,
749 2280 822 2365 nisr
844 2303 888 2364 ut
909 2310 973 2364 me
994 2307 1064 2388 pa-

51 2422 161 2510 tria,
198 2415 453 2511 honoribus,
491 2420 636 2510 bonis,
681 2441 888 2530 parentum
921 2427 961 2500 &
997 2445 1065 2501 co-

39 2571 271 2678 'gnatorum
302 2556 514 2667 conspeetu
533 2578 729 2646 exutum,
776 2557 973 2666 quiescere
996 2582 1065 2664 pa-

53 2697 245 2789 tiantur,
284 2703 324 2780 δε
354 2722 405 2782 ne
435 2695 538 2780 veris
563 2697 639 2778 luis
661 2695 892 2778 criminibns
911 2691 1067 2778 diluen

56 2831 117 2916 dis
136 2833 241 2916 mihi
257 2830 351 2917 falsa
373 2833 574 2946 affingant.
632 2831 774 2916 Hocfi
794 2834 961 2941 pateris,
998 2828 1066 2914 ad-

61 2967 183 3062 dam,
222 2999 308 3054 non
332 2969 461 3054 deeffe
483 2959 687 3082 Principes
718 2971 788 3081 qui
816 2970 918 3054 mihi
941 2967 1067 3054 hone·

59 3105 162 3190 stum
180 3107 289 3221 apud
305 3109 343 3193 se
360 3108 590 3219 perfugium
611 3108 831 3194 ostendant.
877 3108 953 3194 Sed
970 3137 1067 3191 con-

55 3244 238 3330 stitutum
257 3246 360 3330 mihi
371 3298 384 3338 ‚
420 3245 531 3356 quod
548 3247 696 3330 florens
711 3245 808 3343 feci,
845 3275 951 3335 nunc
967 3275 1068 3357 quo-

53 3387 201 3498 quein
222 3385 300 3469 hac
319 3381 478 3468 fortuna
497 3382 787 3477 demonstrare,
801 3385 972 3468 -uullam
995 3385 1068 3466 mi-

51 3526 99 3612 hi
131 3523 227 3638 post
248 3522 417 3633 patriam
444 3547 631 3606 terrarum
659 3545 812 3633 partem
841 3523 974 3608 Gallia
993 3520 1071 3604 ell'e

54 3662 278 3779 potiorem.
324 3661 407 3747 Cui
425 3681 620 3774 quantum
641 3661 879 3758 benevolo,
914 3681 1070 3745 tantum

612 3799 710 3909 B3
832 3828 835 3848 ·
970 3792 1075 3880 obli·
