2646 4448
246 89 306 247 14'
342 113 920 218 pererrantur
956 111 1155 218 erra,

237 293 380 371 Verum
393 283 441 365 de
459 280 692 364 commercio
702 279 987 393 literario‚quod
1001 307 1091 366 cun
1108 283 1255 372 vicina·

233 421 319 480 rum
336 391 510 508 gentium
524 395 640 490 Viris,
657 392 861 500 dignitate,
886 395 1061 506 ingenio,
1082 395 1256 484 &erudi.'

234 510 342 592 tione
367 513 484 630 longe
510 498 830 620 praestantllbmis‚
866 531 934 614 per
958 509 1107 594 multos
1131 537 1253 595 annos

233 618 386 716 habuit,
405 635 695 729 trequenretque
711 641 782 722 pro
800 641 840 698 re
859 617 945 700 nard
961 623 1146 723 exercuit,
1152 621 1252 735 poll·

232 731 307 816 bac
323 730 584 842 opportunior
600 730 672 810 erit
687 722 887 810 differendi
902 731 1018 814 locus.

288 843 401 926 Circa
420 865 566 924 annum
593 843 649 921 M.
664 841 918 923 Dctxlx.
945 865 1035 924 cum
1053 841 1243 957 infignilb·

232 977 317 1040 mus
336 954 396 1039 vir
425 955 477 1036 D.
501 950 1025 1060 christophorus'Wremrua,
1052 973 1141 1039 tum
1160 977 1249 1041 tem·

288 1068 339 1151 ris
365 1065 612 1150 Astronomiae
630 1058 1067 1168 Profeliorsavilianus,¹
1098 1065 1251 1153 serenis·

259 1206 326 1262 mo
355 1179 455 1288 Regi
480 1178 626 1259 Carolo
653 1178 711 1254 ll·
728 1170 783 1256 ob
816 1174 1072 1286 praestantiam
1093 1180 1252 1290 ingenii,

230 1288 575 1397 admirandamque
608 1289 648 1366 in
676 1283 943 1396 excogitandis
968 1289 1252 1398 hypotnefibn

231 1404 345 1486 novis
365 1395 670 1507 mechanicisque
688 1397 957 1498 instrumentis,
979 1403 1031 1484 ad
1050 1407 1251 1513 explican-

229 1514 302 1599 dos
335 1511 500 1596 coelestes
529 1531 684 1608 motus,
737 1510 885 1619 aliaque
913 1530 1058 1596 naturae
1093 1517 1249 1624 pbamo-

230 1650 353 1722 mena,
390 1622 535 1706 summa
561 1641 642 1706 arte
663 1615 882 1720 elaboratis,
915 1618 1125 1708 sollertiam
1143 1654 1246 1711 conr-

227 1733 626 1847 mendatus,generalis
637 1732 850 1842 Regiorum
859 1731 1107 1819 aedificiomnr
1117 1741 1246 1849 Super·

227 1846 330 1930 visor
346 1845 470 1928 suillet
495 1846 731 1942 constitutus,
767 1845 844 1950 jam
872 1871 977 1928 nova
994 1852 1244 1957 negotiorum

227 1964 328 2042 mole
348 1961 387 2040 in
408 1955 515 2041 Urbe
534 1957 710 2067 principe
726 1955 969 2057 detinendus,
989 1961 1244 2045 aVice-Can·

226 2073 392 2166 cellario,
420 2069 542 2152 donec
569 2093 626 2151 res
651 2064 760 2177 ipsrus
778 2069 819 2148 in
848 2071 945 2150 Aula
968 2073 1094 2180 Regini
1120 2070 1245 2156 firma·

225 2206 365 2278 rentur,
406 2181 638 2289 Deputatrmn
676 2179 738 2290 qni
771 2179 871 2261 illius
906 2178 1071 2264 absentis
1108 2183 1151 2266 in
1175 2185 1243 2269 isto

226 2319 379 2377 munere
405 2293 683 2374 Mathematico
703 2286 886 2374 obeundo
910 2293 1016 2376 vices
1036 2290 1242 2406 suppleret,

225 2404 454 2488 nominandi
472 2405 689 2486 facultatem
707 2403 928 2510 impetravit
945 2430 957 2484 a
992 2404 1056 2486 ille
1074 2432 1176 2492 vero
1192 2413 1242 2492 D.

222 2517 467 2616 bernardum,
494 2544 572 2627 quo
589 2516 780 2597 neminem
808 2533 876 2594 aut
896 2514 1132 2625 digniorem,
1158 2545 1238 2626 ¹1¹².-

223 2628 329 2740 gisve
350 2628 544 2724 idoneum,
575 2650 641 2708 aur
663 2625 872 2708 Academiae
887 2628 1146 2735 acceptiorem
1172 2658 1238 2713 no-

221 2737 343 2840 villar,
380 2741 452 2821 hac
479 2739 597 2850 gratia
616 2735 725 2818 facile
743 2735 898 2846 quidem
916 2742 958 2821 δι
976 2741 1075 2822 citra
1090 2767 1237 2830 motam

220 2849 479 2961 dignatusest.
537 2850 636 2932 Hinc
671 2873 797 2930 novus
814 2844 979 2931 srderalis
1004 2847 1238 2963 scientiar'p-

220 2962 291 3046 fies
307 2963 452 3048 intimis
474 2961 647 3043 medullis
661 2958 890 3069 infigebatut
907 2985 1044 3044 amor:
1075 2964 1166 3047 binc
1189 2967 1236 3046 il-

220 3078 291 3158 lins
307 3074 520 3156 excolendae
538 3069 768 3155 accrescebat
789 3070 987 3156 ardentior
1002 3075 1165 3184 cupido,
1196 3081 1235 3160 lle

219 3186 397 3269 intentius
414 3183 591 3284 studium,
622 3210 700 3295 quo
721 3186 840 3294 magis
864 3201 949 3267 tum
966 3183 1078 3268 fama
1093 3190 1176 3315 lam
1191 3191 1235 3273 de

217 3296 303 3407 ipso
325 3294 468 3404 sparsae,
480 3318 560 3380 tum
575 3296 782 3379 Academiae
794 3294 1124 3406 bonoti,public1s
1142 3301 1235 3384 Prae-

216 3407 441 3492 lettionibus
462 3435 509 3490 ex
534 3406 663 3490 officio
678 3414 804 3516 &pro
822 3405 1011 3517 dignitate
1029 3408 1235 3522 responde-

215 3543 284 3603 ret.
340 3515 489 3622 Quibus
519 3521 611 3602 laetis
639 3521 808 3630 auguriis
827 3519 948 3622 detti,
971 3522 1098 3605 Amici
1125 3523 1232 3632 justas

215 3629 310 3714 inse
329 3639 451 3714 aluere
469 3629 563 3740 spes,
597 3633 700 3740 quod
715 3631 936 3714 cathedram
961 3630 1069 3716 islam
1081 3636 1226 3720 Mathe·

215 3746 408 3843 muricem,
432 3745 587 3825 cedente
605 3749 654 3825 D.
681 3748 868 3843 Wrenno,
896 3745 961 3827 ille
977 3746 1058 3855 jure
1080 3743 1154 3831 suo
1169 3775 1228 3858 pa·

214 3858 305 3942 riter
324 3883 367 3944 ac
398 3856 537 3947 meritis
566 3855 722 3950 tandem
761 3851 849 3949 esset
883 3851 1118 3976 possessurus,
1173 3861 1230 3987 ln-

1115 3989 1228 4062 tertul
