2606 4454
205 189 269 284 D.
298 188 353 282 lt.
384 170 950 282 HUNTINGTONI.
1041 193 1095 288 xi

63 347 149 460 quis
170 347 415 460 imprimendi
439 344 629 456 impensas
651 347 779 429 feret.>
815 343 1093 434 Celeberrimos

64 460 221 544 bonor
249 459 450 560 Loftusrus,
484 455 669 542 indelell'ae
697 463 738 540 ὃ(
773 460 1003 542 admiranda
1030 464 1093 545 iu·

62 571 219 658 dustriae
241 575 324 671 Vir,
352 578 392 654 8<
416 575 456 654 in
479 570 580 653 bisce
604 569 736 652 studiis
763 567 900 654 surmni
922 573 1092 676 landast

63 689 158 796 quis
188 711 378 796 unquam,
417 677 695 780 versatillrmus,
735 681 871 764 tanne
904 684 1095 770 transtulit

64 794 253 902 Dionysii
269 799 337 880 Bar
356 794 471 878 Salibi
488 796 872 886 Commentariumin
894 801 948 878 lV
967 803 1094 882 Evan-

67 911 266 1021 geliorum
294 908 496 1015 Codices,
529 910 636 1014 cujus
665 906 874 1017 perinfigne
902 903 1095 1016 specimen

66 1018 358 1131 elegantillimis
381 1021 484 1127 typis
502 1021 664 1123 Syriacis
691 1021 906 1100 Theatrum
934 1020 1095 1103 Sheldo-

71 1135 237 1216 nianum
262 1132 411 1214 oxonii
432 1129 615 1212 extruit:
653 1127 715 1211 sed
745 1157 825 1212 non
847 1151 926 1210 erat
952 1130 1001 1213 ad
1019 1159 1093 1244 gu·

70 1245 172 1330 stum
192 1243 304 1327 seculi
321 1241 488 1326 santium
506 1241 603 1324 illud
623 1267 734 1348 opus,
762 1242 867 1351 quod
883 1241 1098 1328 laudatores

71 1360 217 1439 multos
235 1359 387 1465 reperit,
420 1351 659 1464 pauciffirnos
679 1351 768 1434 verb
786 1357 970 1454 fautores,
997 1359 1037 1436 &
1052 1360 1096 1440 in

73 1467 162 1578 ipso
183 1469 233 1550 ad
249 1470 550 1550 vitalemauram
570 1468 661 1550 nixu
679 1466 924 1573 extinguitur.
968 1466 1097 1571 Quint

74 1602 209 1664 autem
224 1579 370 1690 optime
390 1580 437 1660 de
457 1581 640 1686 religione
657 1576 885 1674 Christiani,
915 1576 963 1660 de
980 1582 1102 1662 literis

76 1692 206 1788 sacris,
235 1695 285 1776 de
300 1693 438 1789 Patrizl,
464 1691 632 1797 denique
651 1689 697 1769 de
714 1687 865 1797 Repub.
882 1690 1042 1773 literani
1057 1693 1099 1776 iu

76 1829 198 1886 omne
227 1830 348 1886 aevum
376 1801 621 1884 merebuntur
650 1803 857 1910 Principes
887 1805 1103 1913 Magnates,

78 1914 334 2024 &Episcopi
373 1914 603 1995 fiSocierare
630 1915 809 1994 Virorum
838 1917 1018 1996 harumce
1043 1943 1102 1998 re-

81 2053 169 2108 rum
204 2025 459 2109 studiosorum
491 2023 682 2122 instituti,
718 2024 1008 2135 liberalibusque
1038 2027 1102 2108 sti·

84 2138 239 2248 peudiis
269 2139 386 2236 nulli,
423 2140 696 2246 (nequeenim
723 2139 833 2219 unius
859 2158 924 2218 aut
950 2142 1104 2222 alterius

82 2254 236 2332 humeri
261 2269 375 2356 tantae
417 2251 512 2330 moli
547 2248 706 2330 ferendae
730 2247 964 2354 suffecerint)
994 2278 1103 2335 novo

81 2364 228 2442 lumine
261 2359 455 2442 imbuatur
486 2366 651 2469 Europa,
686 2359 793 2466 quod
813 2362 851 2441 in
884 2353 1101 2462 Orientem,

82 2470 205 2583 spillis
234 2472 388 2554 inl'citiae
421 2472 586 2554 tenebris
619 2473 812 2564 obrutum,
854 2473 953 2552 unde
975 2495 1105 2558 ortum

85 2588 183 2666 olim
206 2584 408 2682 habuerit,
446 2586 705 2690 multiplicatis
731 2581 995 2664 obstetricante
1021 2612 1107 2695 pre-

88 2699 129 2775 lo
148 2694 449 2808 exemplaribus,
488 2693 587 2804 quast
607 2698 711 2803 grati
730 2697 811 2774 viee
840 2697 993 2778 retundi
1021 2699 1110 2807 pos-

95 2805 161 2888 fir!

146 2923 324 2998 Durante
352 2918 465 3025 longi
499 2918 567 2997 hic
595 2917 698 3026 apud
720 2915 947 3000 Halebeul'es
969 2919 1105 3018 moui,

89 3031 130 3110 in
163 3031 335 3139 regiones
367 3051 444 3108 uun
466 3033 595 3137 procul
621 3029 777 3124 dilliras,
808 3059 921 3140 qumn
946 3034 1107 3127 vicinas,

88 3137 288 3220 excurrilie
317 3143 489 3248 placuit,
518 3167 564 3220 eo
585 3147 705 3248 magis
723 3146 825 3250 quod
854 3170 930 3222 uon
958 3144 1109 3248 paucis

90 3251 383 3346 Mercatoribus
420 3251 560 3360 quibus
583 3254 780 3362 ingenium
802 3254 1111 3362 longe‘lirperius

89 3383 171 3445 erat
205 3365 299 3443 lucri
329 3388 523 3471 opumque
543 3391 671 3444 amore
700 3368 851 3465 &euri
880 3369 1113 3448 eoderuacri

90 3476 361 3583 peregrinandi
380 3475 516 3554 ardore
531 3476 824 3556 incenderentur.
884 3478 1112 3584 npudenim

87 3589 260 3669 advenas
284 3586 396 3668 holte
437 3585 640 3694 praesertim
663 3587 745 3694 post
767 3615 893 3687 turres,
921 3591 1112 3697 opulentis

90 3697 280 3781 mercibus
296 3698 460 3797 onulias,
490 3696 638 3805 *epouu
652 3699 815 3799 l'olutas,
843 3728 920 3808 quo
939 3722 1111 3808 tempore

89 3811 366 3892 l'eriaridatunr
386 3808 448 3906 est,
478 3835 560 3890 mos
577 3810 642 3892 ille
659 3809 826 3894 solennis
845 3810 1112 3919 Hierosolyma

91 3920 265 4015 adeundi
284 3923 338 4005 ita
355 3923 529 4026 inolevit,
558 3943 600 4006 ut
623 3922 720 4040 peni
735 3919 878 4008 cellerit
898 3927 938 4008 in
959 3929 1114 4032 religio-

993 4064 1114 4146 neur5
