2654 4466
294 259 370 334 ψ
399 231 611 310 nonum
636 230 880 312 nsounur
903 231 1068 312 mrsu.
1084 213 1225 332 bum

294 362 353 422 utri
395 379 412 420 e
437 371 524 434 (rums
548 351 697 427 invidere,
725 369 842 432 propter
865 350 1174 416 summam-landem:
1207 372 1280 418 non

283 375 396 516 ossii
403 435 475 498 elrer
489 436 618 494 'alterum
636 449 699 491 non
716 451 819 506 amere,
837 447 957 510 propter
973 430 1107 500 divinem
1126 432 1159 494 δι
1171 434 1280 494 confi·

293 515 446 575 millimnn
468 510 620 572 virtutem.
660 507 790 584 Quoties
811 509 912 586 cogito
936 506 972 568 de
992 507 1046 570 luc
1068 507 1279 572 srmilitudine

292 588 454 652 vestronun
477 607 605 662 morum,
633 583 807 661 studiorum,
834 587 1031 660 voluntatum,
1055 585 1279 676 doblrinaefjt

292 669 431 731 virtutis:
458 668 547 728 toties
564 663 702 742 equidem
724 679 842 741 exopto,
861 679 896 725 ut
916 682 1002 740 quam
1014 663 1197 743 opinionem
1209 685 1277 728 vrr-

291 748 366 808 tutis
389 743 543 821 utriusque
568 740 655 802 vestri
678 741 804 804 msiverli
828 741 891 802 sere
915 739 1048 802 homines
1073 741 1275 821 concipiunt.

291 821 366 884 inne
387 841 441 884 vos
463 820 533 894 duo,
558 819 590 879 in
603 820 767 898 propinqua
779 815 936 896 aliquando
949 819 978 880 δι
991 834 1093 880 mutua
1104 819 1180 880 vita
1195 840 1275 882 cou-

282 899 455 972 suetudine,
478 914 615 976 tanquam
636 899 668 958 in
687 894 832 958 veriilimo
849 898 947 974 aliquo
965 893 1082 974 speculo
1094 900 1274 960 cerneretis.

290 977 371 1040 Cum
384 978 472 1050 enim,
491 972 548 1040 &n
586 974 718 1052 Longior
728 969 852 1048 fortasse,
871 969 1063 1036 &molestior
1073 972 1153 1048 sum,
1173 995 1273 1054 quam

271 1119 274 1128 ,
288 1073 342 1135 par
353 1053 413 1116 eil:
431 1052 480 1114 sed
492 1052 542 1116 illa
556 1054 796 1115 commemoratio
808 1052 898 1131 partis
906 1049 1096 1142 illius-duleis·
1104 1050 1273 1138 sermonis,

288 1125 1272 1300 ilislillisiisiiiisiiltims‘ifiidiffisi&

288 1287 392 1361 officii,
418 1307 508 1366 quem
529 1288 647 1364 longius
659 1283 788 1364 provebi
799 1282 995 1346 sermomslus
1007 1284 1101 1344 litens
1112 1303 1194 1347 mers
1208 1307 1269 1348 un·

354 1385 401 1429 are
424 1365 552 1428 debeam.
573 1383 662 1442 quam
684 1365 808 1434 veniam,
826 1358 1037 1440 fiAmplitudo
1049 1363 1195 1424 tuamibi
1209 1365 1270 1428 tri.

287 1382 386 1506 iiteiit
404 1441 461 1504 hoc
481 1460 621 1520 tempore,
651 1441 718 1502 alias
738 1439 831 1516 spero,
856 1440 886 1502 δι
898 1441 931 1500 id
943 1456 1061 1516 quoque
1072 1437 1168 1515 brevi,
1188 1461 1267 1505 cum

287 1520 465 1582 veletudinis
486 1522 559 1582 ratio
579 1519 613 1580 id
634 1519 745 1592 oderit,
768 1513 799 1580 δι
818 1537 854 1578 ex
873 1516 935 1580 illis
952 1535 1000 1577 me
1018 1516 1180 1595 expediero
1193 1541 1266 1582 mo-

284 1597 387 1672 lestiis,
407 1596 550 1676 quicquid
564 1615 643 1657 nunc
669 1594 768 1656 absens
790 1597 924 1673 preterii,
942 1597 1265 1672 nonmeavoluntate,

284 1675 336 1740 sed
346 1673 651 1737 certorumhominum
660 1671 939 1753 injurinidpraesens
948 1687 999 1732 aut
1007 1669 1106 1733 debito
1115 1671 1265 1755 supplere

187 1799 200 1812 .
279 1751 397 1827 officio,
406 1769 458 1814 aut
469 1747 540 1828 justa
554 1769 677 1831 purgare
688 1749 882 1824 exmssatione,
891 1749 969 1830 apud
977 1747 1162 1839 Maiestatem
1171 1770 1263 1816 ruem

283 1829 428 1893 laborabo.
466 1828 549 1890 Deus
569 1830 706 1906 largiatur
724 1825 792 1901 tibi,
815 1830 943 1890 maxime
963 1826 1112 1906 Princeps,
1130 1847 1169 1890 ut
1194 1851 1263 1894 non

279 1924 345 1970 ‚tom
366 1905 459 1969 hostes
481 1908 514 1966 in
537 1909 647 1985 prelio,
674 1924 762 1984 quam
779 1905 906 1984 teipsum
918 1907 951 1966 in
972 1907 1054 1964 omni
1077 1904 1262 1984 prudentie,

285 1984 435 2061 doilrine,
462 2002 594 2063 vereque
615 1985 733 2046 virtutis
753 1982 839 2045 laude
863 1982 958 2084 indies
981 1983 1075 2060 magis
1099 1983 1262 2066 magisque

283 2060 407 2141 superes.

609 2301 817 2380 EPIST.
855 2305 964 2429 lli.⁸

365 2447 712 2534 ROGERUS
769 2447 1164 2534 ASCHAMUS

430 2587 629 2666 nummo
652 2597 846 2710 Jonuru
866 2599 1024 2664 cunco
1044 2591 1106 2662 ss.

282 2739 480 2904 DUbito,
510 2777 545 2820 m
570 2753 729 2894 sugeriores
754 2774 824 2816 mee
849 2755 940 2819 litere
965 2777 1016 2836 per
1028 2719 1197 2830 Franir'scm
1210 2773 1262 2822 ta.

404 2835 597 2896 bellariuma
641 2851 671 2896 te
695 2831 794 2907 millo,
823 2833 859 2894 ad
883 2856 986 2898 manus
1009 2852 1074 2896 tuas
1098 2837 1260 2902 venerint.
1323 2849 1324 2860 ¹

279 2907 469 2987 Responsum,
499 2910 648 2974 clariffime
671 2913 724 2983 vir,
752 2931 813 2972 non
837 2912 978 2992 exspeuo.
1008 2932 1076 2972 nem
1100 2910 1194 2973 video
1222 2932 1258 2976 te

315 2988 463 3048 avioribus
487 2990 572 3050 rebus
594 2987 734 3064 distineri,
758 3007 845 3065 quam
868 3006 903 3050 ut
927 3007 974 3052 tot
997 2989 1093 3052 literas
1114 2987 1257 3054 Domini

277 3005 376 3141 iigati
395 3065 512 3144 singulis
534 3064 722 3127 hebdomadis
742 3065 857 3128 summo
869 3067 1074 3128 benivolentiae
1096 3064 1198 3128 studio
1213 3069 1257 3154 ad

277 3153 308 3202 te
332 3138 434 3218 missas,
453 3144 499 3203 vel
521 3143 613 3204 tribus
635 3144 731 3205 verbis
752 3144 937 3221 compensare
949 3143 1042 3224 pollis.
1070 3161 1257 3282 quanssuun

276 3237 338 3277 non
357 3217 397 3280 eil
409 3221 468 3279 ulla
487 3238 545 3279 tam
563 3221 686 3299 presens
705 3223 840 3284 amicitie
858 3223 992 3297 suavitas,
1010 3241 1099 3302 quam
1116 3220 1152 3280 ab
1166 3225 1257 3286 entis

276 3296 324 3354 vel
347 3295 461 3358 defensa
482 3296 556 3359 salus
578 3301 666 3374 gratis
678 3297 792 3371 officiis,
813 3301 861 3360 vel
884 3302 962 3362 culta
977 3299 1116 3360 memorie
1129 3299 1255 3364 crebris

275 3367 387 3434 literis:
407 3373 436 3435 δι
458 3375 643 3436 contranihil
665 3377 795 3437 acerbius
817 3379 871 3438 illo
892 3377 1047 3438 hominum
1067 3395 1184 3454 genere,
1207 3377 1254 3440 de

277 3449 488 3526 quibuscum,
507 3472 576 3513 cum
587 3455 769 3532 provinciam
781 3473 958 3530 procuraret,
972 3456 1096 3532 graviter
1107 3471 1253 3590 conput-

275 3529 359 3586 ritur.
383 3530 434 3604 qui
450 3528 558 3589 absenti
570 3533 624 3602 illi,
643 3550 693 3591 aut
704 3531 815 3590 silentio
827 3533 942 3608 ingrati,
961 3549 1010 3592 aut
1020 3531 1157 3610 reprehen
1170 3552 1250 3595 rone

276 3603 380 3676 injurii
403 3603 579 3667 exstitissent.
629 3609 692 3667 Nos
718 3607 833 3668 obscuri
859 3611 887 3670 bc
913 3609 1047 3682 humiles,
1078 3607 1129 3669 hec
1155 3628 1249 3698 parte

275 3675 422 3746 feliciores
441 3679 550 3758 sumus,
583 3686 651 3762 quio
664 3706 717 3746 nec
732 3686 873 3759 dolemus,
898 3687 919 3749 si
938 3705 1139 3766 presentemur
1151 3687 1248 3779 irien-

1180 3779 1245 3840 tm,
