2606 4454
201 193 266 288 r).
300 179 357 289 lt.
392 181 959 311 enutritorem.
1063 227 1091 288 v

54 353 168 462 quod
189 379 296 437 mora
312 356 410 438 inter
429 349 610 438 barbaros
626 355 771 438 Turcas
798 356 839 436 8(
858 351 1004 438 Arabas
1019 355 1091 436 ali·

53 484 114 547 ter
135 463 349 576 ingeffiffet,
388 469 544 575 longam
571 493 593 547 a
614 467 741 550 Patria
763 462 976 548 absentiam
994 466 1091 576 pene

49 577 267 686 jucundam
296 576 471 661 reddidit.
513 575 613 683 ‘Jam
643 576 733 661 verb
756 575 858 687 quali
890 580 930 659 in
956 596 1090 660 centro

49 691 386 800 peregrinationis
403 687 640 788 constitutus,
669 692 710 772 8(
737 689 805 771 ubi
825 687 892 771 sibi
910 689 975 770 diu
994 716 1089 772 con-

54 797 266 883 sistendum
291 799 361 884 elle
380 798 642 911 proposuerat,
678 799 791 883 facile
811 800 851 881 in
866 801 1090 885 memoriam

49 915 275 1012 revocavit,
302 917 405 1024 quali
423 911 595 1012 confilio,
625 939 705 1023 quo
717 911 804 1011 line,
832 908 981 994 difficile
993 912 1089 996 illud

51 1021 95 1103 8(
115 1021 366 1134 periculosum
386 1025 456 1106 iter
475 1022 675 1135 susceperit
693 1063 707 1132 3
736 1045 817 1108 tum
833 1023 1028 1119 nimitum,
1047 1042 1091 1108 ut

51 1135 279 1220 Ministerio
294 1135 522 1218 Sacerdotali
534 1163 581 1216 ex
594 1135 729 1220 debito
744 1133 873 1217 lanua
892 1130 1090 1244 proselsro·

52 1248 121 1329 uis
152 1247 386 1360 fungeretur,
422 1267 504 1331 turn
536 1248 838 1360 utexprudcnti
860 1272 984 1329 rerum
1017 1245 1088 1333 usu

51 1358 95 1440 8(
118 1361 304 1468 pertinaci
323 1359 447 1442 studio
466 1359 674 1470 sapientior
693 1364 732 1443 8(
752 1358 941 1444 eruditior
958 1355 1089 1462 faetus,

52 1469 231 1554 Patriam
262 1497 385 1554 rerum
425 1472 606 1554 haetenus
626 1469 723 1582 pene
742 1471 1083 1578 incompertarum,

53 1584 121 1664 vel
150 1582 283 1664 saltem
305 1586 371 1665 vix
401 1580 488 1676 satis
516 1580 612 1666 bene
636 1583 890 1698 cognitarum,
927 1583 1090 1682 notitiis,

54 1693 294 1805 invettit‘que
314 1694 496 1778 librorum
515 1696 616 1806 gazis
636 1763 646 1795 ‚
681 1695 799 1779 redux
814 1695 965 1777 ditaret.
1002 1697 1092 1777 llaec

53 1806 114 1887 illi
136 1805 221 1916 poll
238 1830 421 1890 navatam
436 1811 524 1888 Deo
541 1806 1092 1918 &religioniopetamprorri-

54 1943 123 1998 ma
142 1939 223 2000 erat
242 1943 341 2015 cura,
371 1945 484 2030 quam
506 1920 713 2028 irrequieto
730 1920 861 2000 animo
884 1941 950 2024 pet
971 1918 1090 1999 unde·

53 2031 238 2111 cennium
261 2032 510 2140 impenderat.
569 2033 652 2112 Nec
670 2028 870 2142 qnisquam
891 2029 932 2112 id
955 2029 1090 2112 melius

55 2144 204 2248 potuit,
223 2161 290 2224 aut
306 2141 509 2251 impensius
528 2143 662 2242 voluit,
674 2163 739 2225 aut
754 2141 896 2224 leliciirs
913 2141 1092 2252 praeslitit.

1 2261 3 2298 ³
54 2251 225 2335 Arabici
245 2255 426 2354 eruditm,
455 2253 672 2353 interillos,
703 2250 840 2367 quibus
868 2253 999 2364 lingua
1020 2251 1089 2333 ista

55 2384 143 2446 erat
178 2369 395 2464 vernacula,
426 2362 525 2476 quafi
555 2363 662 2446 domi
694 2365 832 2448 versari
864 2362 1092 2446 videbatur:

58 2477 170 2588 qnod
198 2477 244 2558 ad
267 2497 512 2559 mercaturam
539 2474 644 2558 istam
663 2477 857 2562 librariam
875 2478 1091 2586 planiorem

58 2589 352 2698 facilioremque
384 2587 567 2670 sternebat
598 2590 728 2696 viam3
768 2591 826 2670 cui
845 2616 891 2669 ex
914 2584 1091 2692 inspeetis

57 2699 269 2781 Codicibus
302 2702 402 2782 MSS.
425 2699 669 2782 Bibliotheca
700 2701 913 2782 Bodleianae
939 2701 1090 2781 Oronii

58 2809 394 2892 exmunificentid
440 2814 523 2892 Viti
562 2816 739 2908 maximi,
785 2818 826 2895 8(
855 2810 1094 2918 sempiternis

58 2922 502 3032 praeconiiscelebtandi
522 2929 569 3004 D.
583 2923 780 3004 Gnilielmi
801 2925 919 3019 Laud,
935 2921 1089 3002 At'clrie-

59 3033 212 3144 piscopi
247 3032 526 3116 Cantuariensrs
562 3041 602 3116 8(
634 3035 815 3141 Martyris
843 3029 1092 3140 pleurisim,

57 3149 171 3228 dono
190 3145 304 3247 datia,
332 3152 371 3229 8(
391 3175 438 3226 ex
455 3145 608 3227 stibadio
622 3148 782 3254 judicio
807 3171 887 3257 quo
907 3142 1091 3252 pollebat,

54 3261 97 3339 in
138 3260 372 3367 argumentis
416 3259 528 3339 varia
579 3259 807 3339 eruditionis
844 3258 1089 3365 indaganda,

57 3368 184 3478 probe
200 3391 438 3479 compertum
454 3390 547 3465 erat,
579 3371 672 3478 quid
689 3369 767 3452 usui
785 3369 898 3466 soret,
926 3369 1019 3476 qnid
1033 3394 1091 3445 rn-

53 3507 157 3581 rum,
189 3480 280 3590 quid
304 3483 432 3588 magni
452 3479 728 3576 estimandum,
763 3485 804 3561 8(
820 3481 912 3590 quid
938 3503 1017 3560 rani
1039 3481 1091 3555 la·

52 3593 218 3676 boriosae
238 3593 478 3702 inquisitioni
500 3591 692 3703 tantisque
722 3590 934 3700 sumptibus
955 3589 1091 3671 merito

53 3702 319 3814 responderet.
374 3712 466 3806 Qro
487 3723 614 3785 autem
640 3705 724 3785 voti
750 3723 827 3785 tam
851 3702 964 3783 sansli
984 3727 1089 3779 corn-

54 3839 131 3928 pos
157 3813 277 3914 fieret,
292 3824 526 3912 Graecorum,
568 3821 763 3924 Syrorum,
806 3821 1089 3906 Armenornnr,

52 3929 181 4032 etiam
194 3925 426 4037 Judaeorum
442 3929 778 4029 Samaritanorum,
793 3928 834 4010 8(
847 3928 1089 4008 Molrnmrm·

487 4031 550 4145 [a
580 4066 601 4150 3
622 4039 646 4150 ]
893 4035 1092 4134 danorum,
