2604 4462
253 239 892 352 Errsronn'Snuncrm.
1005 247 1067 342 69

34 423 279 518 «reponant.
349 403 466 515 Qiu
481 415 571 491 cum
584 402 666 514 jam
684 387 905 498 debuissent
922 397 1065 488 edidis·
1184 443 1189 454 ·

41 541 96 630 [ε’
110 539 347 628 sallustium
359 542 596 644 &iTacitum
613 541 823 650 capitibus,
841 539 1061 652 fivepara-
1124 518 1127 524 ⁵
1162 522 1165 527 ¹

40 677 211 792 graphi
221 671 329 772 sunt,
342 699 408 763 aut
424 677 624 770 versiculi,
636 676 862 774 distinstum
873 699 1059 787 ,uterque

41 813 231 926 quidem
251 814 449 902 absolutus
466 817 522 901 cst
539 837 681 927 praeter
695 817 770 899 tria
795 813 894 898 folia
908 814 1058 925 postre-

46 979 160 1058 ma5
207 977 296 1064 quae
313 953 444 1040 noluit
473 952 597 1066 proelo
624 950 785 1036 subdere
805 949 1059 1038 palmerius,

50 1111 108 1174 ut
132 1088 352 1176 vindicaret
375 1089 482 1177 stede
512 1089 683 1178 Rh'odio
702 1111 729 1182 ,⁸
751 1085 993 1200 quicum‘illi
1011 1084 1060 1168 lis

54 1224 297 1313 hereditatis
312 1226 549 1314 dividunde.
586 1227 651 1312 Sic
664 1257 741 1343 ego
758 1225 872 1312 miser
892 1223 1060 1337 plesion

1 1398 2 1403 ¹
52 1365 114 1449 ob
136 1385 220 1450 tam
248 1366 348 1451 bene
376 1367 641 1480 compositum
662 1393 743 1478 par.
812 1360 915 1448 Vidi
927 1349 1062 1473 ‘nuper

52 1504 102 1585 in
126 1503 279 1586 Seneca
307 1502 432 1614 Lipsri
451 1528 563 1588 tuum
589 1503 641 1587 de
667 1500 897 1597 turturillr'a3
935 1483 1060 1594 &1227

52 1659 127 1724 tor
149 1662 194 1724 te
210 1668 363 1726 mecum
383 1643 615 1756 conspirare.
658 1670 751 1726 nam
779 1647 820 1723 δε
838 1667 903 1722 me
921 1636 1060 1722 eadem
1211 1713 1215 1719 .

52 1775 213 1878 dudum
238 1779 540 1870 communicasse
569 1781 772 1874 schotto,
817 1775 937 1893 iidem
955 1773 1058 1864 fece-

54 1935 157 1999 runt
181 1913 264 2023 ejus
291 1917 340 2001 ad
372 1918 558 2003 Senecam
576 1939 705 2008 nota,
742 1938 833 2002 ante
855 1916 1058 2009 biennimn¹

56 2053 257 2149 exmsaea
287 2054 622 2141 Commelinianis
639 2059 682 2140 in
715 2053 804 2138 Fol.
847 2055 916 2140 ubi
936 2055 1059 2138 etiam

54 2216 128 2276 me
154 2189 296 2277 laudat.
364 2193 461 2276 Hoc
480 2189 635 2284 'distum
663 2193 805 2286 volui,
848 2213 893 2276 ut
919 2193 954 2285 s1'
985 2188 1057 2274 ali·

55 2326 225 2440 quando
243 2331 508 2442 comparuerit
524 2334 567 2414 in
586 2330 871 2444 suspicionibus
898 2330 996 2414 meis
1010 2326 1059 2409 il·

55 2467 95 2552 la
112 2487 280 2559 notame
289 2489 404 2580 putes
411 2495 477 2559 me
491 2470 567 2554 tibi
577 2453 923 2582 praeripuissedolo
937 2464 1055 2549 malo.

15 2721 20 2732 ¹
55 2571 358 2716 Suspicionibus
381 2611 394 2656 ¹
418 2605 533 2700 dico,
572 2635 669 2718 quas
685 2607 768 2715 jam
785 2633 891 2688 nunc
921 2601 1057 2713 quales

54 2741 196 2851 quales
213 2739 417 2828 extrudere
434 2769 577 2856 cogar,
613 2773 705 2828 cum
726 2739 885 2828 videam
903 2738 1057 2826 Golda·

58 2863 137 2964 stus
157 2901 215 2969 ita
235 2881 490 2991 conspurcare
510 2881 678 2968 stercore
694 2882 763 2965 suo
783 2889 823 2962 &
837 2875 1053 2989 interpola·

1 3066 3 3073 ·
28 3041 39 3060 ·
60 3045 101 3100 re
115 3015 258 3129 scripta
278 3017 446 3107 aliorum
461 3021 694 3102 viventium.
731 3017 829 3128 quid
845 3017 952 3102 enim
968 3041 1053 3097 non

56 3151 224 3249 fecerint
240 3153 362 3242 iidem
384 3155 613 3242 homiuibus
634 3155 827 3242 mortuis?
864 3153 965 3234 Haec
984 3150 1052 3235 ha·

53 3292 200 3380 bebam
221 3291 354 3377 obiter
378 3295 428 3378 ad
454 3317 550 3378 tuas.
593 3295 623 3380 fi
652 3292 749 3404 quid
779 3318 844 3375 me
876 3289 973 3374 velis
992 3287 1053 3372 fac

47 3427 173 3514 sciam
200 3457 273 3540 per
315 3429 366 3513 D.
397 3430 657 3524 Bornitium,
712 3434 783 3541 qui
824 3454 928 3522 nunc
973 3427 1055 3538 agit

50 3565 350 3666 Amsterdamh
405 3568 700 3688 &frequenter
735 3592 890 3653 mecum
921 3563 1055 3681 loqui.
1093 3679 1113 3722 ο

617 3707 653 3791 Ε
691 3733 713 3818 3
832 3809 835 3818 1
993 3729 1056 3789 tur
