<?xml version="1.0" encoding="UTF-8"?>
<!DOCTYPE html PUBLIC "-//W3C//DTD XHTML 1.0 Transitional//EN"
    "http://www.w3.org/TR/xhtml1/DTD/xhtml1-transitional.dtd">
<html xmlns="http://www.w3.org/1999/xhtml" xml:lang="en" lang="en">
 <head>
  <title>
</title>
<meta http-equiv="Content-Type" content="text/html;charset=utf-8" />
  <meta name='ocr-system' content='tesseract 3.04.00' />
  <meta name='ocr-capabilities' content='ocr_page ocr_carea ocr_par ocr_line ocrx_word'/>
</head>
<body>
  <div class='ocr_page' id='page_1' title='image "./rogeriaschamiep00sturgoog_0533.png"; bbox 0 0 2604 4462; ppageno 0'>
   <div class='ocr_carea' id='block_1_1' title="bbox 196 359 1023 467">
    <p class='ocr_par' dir='ltr' id='par_1_1' title="bbox 196 359 1023 467">
     <span class='ocr_line' id='line_1_1' title="bbox 196 359 1023 467; baseline 0.004 -7"><span class='ocrx_word' id='word_1_1' title='bbox 196 359 512 466; x_wconf 61' lang='lat' dir='ltr'>Ensrorsn</span> <span class='ocrx_word' id='word_1_2' title='bbox 549 362 840 467; x_wconf 61' lang='lat' dir='ltr'>saincte.</span> <span class='ocrx_word' id='word_1_3' title='bbox 960 366 1023 466; x_wconf 63' lang='lat'>81&#39;</span> 
     </span>
    </p>
   </div>
   <div class='ocr_carea' id='block_1_2' title="bbox 5 531 1029 2578">
    <p class='ocr_par' dir='ltr' id='par_1_2' title="bbox 5 531 1029 2578">
     <span class='ocr_line' id='line_1_2' title="bbox 10 531 1025 658; baseline 0.01 -28"><span class='ocrx_word' id='word_1_4' title='bbox 10 531 190 658; x_wconf 58' lang='lat' dir='ltr'>&#39;pnffimt</span> <span class='ocrx_word' id='word_1_5' title='bbox 215 588 230 634; x_wconf 72' lang='lat'><em>2</em></span> <span class='ocrx_word' id='word_1_6' title='bbox 271 559 355 630; x_wconf 83' lang='lat' dir='ltr'>tum</span> <span class='ocrx_word' id='word_1_7' title='bbox 386 535 584 649; x_wconf 78' lang='lat' dir='ltr'>posterius</span> <span class='ocrx_word' id='word_1_8' title='bbox 609 567 730 631; x_wconf 84' lang='lat' dir='ltr'>nemo</span> <span class='ocrx_word' id='word_1_9' title='bbox 746 571 832 630; x_wconf 91' lang='lat' dir='ltr'>non</span> <span class='ocrx_word' id='word_1_10' title='bbox 852 547 1025 640; x_wconf 83' lang='lat' dir='ltr'>omnino</span> 
     </span>
     <span class='ocr_line' id='line_1_3' title="bbox 8 669 1027 796; baseline 0.004 -30"><span class='ocrx_word' id='word_1_11' title='bbox 8 675 228 774; x_wconf 71' lang='lat' dir='ltr'>desiderat</span> <span class='ocrx_word' id='word_1_12' title='bbox 263 677 393 796; x_wconf 90' lang='lat' dir='ltr'>Rogo</span> <span class='ocrx_word' id='word_1_13' title='bbox 404 697 446 766; x_wconf 85' lang='lat' dir='ltr'>te</span> <span class='ocrx_word' id='word_1_14' title='bbox 463 701 575 796; x_wconf 75' lang='lat' dir='ltr'>ergo,</span> <span class='ocrx_word' id='word_1_15' title='bbox 595 705 672 790; x_wconf 89' lang='lat' dir='ltr'>pro</span> <span class='ocrx_word' id='word_1_16' title='bbox 693 669 765 766; x_wconf 87' lang='lat' dir='ltr'>ista</span> <span class='ocrx_word' id='word_1_17' title='bbox 780 683 944 793; x_wconf 88' lang='lat' dir='ltr'>antiqua</span> <span class='ocrx_word' id='word_1_18' title='bbox 964 689 1027 770; x_wconf 88' lang='lat' dir='ltr'>di·</span> 
     </span>
     <span class='ocr_line' id='line_1_4' title="bbox 6 811 1026 933; baseline 0.005 -28"><span class='ocrx_word' id='word_1_19' title='bbox 6 817 249 933; x_wconf 82' lang='lat' dir='ltr'>ligentique</span> <span class='ocrx_word' id='word_1_20' title='bbox 271 811 352 900; x_wconf 88' lang='lat' dir='ltr'>fide</span> <span class='ocrx_word' id='word_1_21' title='bbox 379 838 458 925; x_wconf 83' lang='lat' dir='ltr'>qua</span> <span class='ocrx_word' id='word_1_22' title='bbox 485 813 701 924; x_wconf 91' lang='lat' dir='ltr'>plurimum</span> <span class='ocrx_word' id='word_1_23' title='bbox 732 815 861 930; x_wconf 85' lang='lat' dir='ltr'>polles</span> <span class='ocrx_word' id='word_1_24' title='bbox 891 818 1026 910; x_wconf 81' lang='lat' dir='ltr'>flores·</span> 
     </span>
     <span class='ocr_line' id='line_1_5' title="bbox 9 951 1023 1073; baseline 0.009 -35"><span class='ocrx_word' id='word_1_25' title='bbox 9 985 110 1073; x_wconf 88' lang='lat' dir='ltr'>que,</span> <span class='ocrx_word' id='word_1_26' title='bbox 128 980 210 1040; x_wconf 85' lang='lat' dir='ltr'>nos</span> <span class='ocrx_word' id='word_1_27' title='bbox 234 977 356 1071; x_wconf 85' lang='lat' dir='ltr'>quam</span> <span class='ocrx_word' id='word_1_28' title='bbox 379 963 498 1062; x_wconf 86' lang='lat' dir='ltr'>potes</span> <span class='ocrx_word' id='word_1_29' title='bbox 514 951 694 1038; x_wconf 85' lang='lat' dir='ltr'>citiffime</span> <span class='ocrx_word' id='word_1_30' title='bbox 714 954 923 1066; x_wconf 84' lang='lat' dir='ltr'>quomodo</span> <span class='ocrx_word' id='word_1_31' title='bbox 946 960 1023 1048; x_wconf 89' lang='lat' dir='ltr'>sese</span> 
     </span>
     <span class='ocr_line' id='line_1_6' title="bbox 9 1086 1024 1184; baseline 0.01 -11"><span class='ocrx_word' id='word_1_32' title='bbox 9 1122 79 1183; x_wconf 77' lang='lat' dir='ltr'>res</span> <span class='ocrx_word' id='word_1_33' title='bbox 105 1089 257 1176; x_wconf 80' lang='lat' dir='ltr'>habeat</span> <span class='ocrx_word' id='word_1_34' title='bbox 273 1086 472 1178; x_wconf 81' lang='lat' dir='ltr'>‚certiores</span> <span class='ocrx_word' id='word_1_35' title='bbox 500 1086 651 1184; x_wconf 76' lang='lat' dir='ltr'>facias,</span> <span class='ocrx_word' id='word_1_36' title='bbox 697 1089 753 1178; x_wconf 90' lang='lat' dir='ltr'>est</span> <span class='ocrx_word' id='word_1_37' title='bbox 779 1095 887 1178; x_wconf 88' lang='lat' dir='ltr'>enim</span> <span class='ocrx_word' id='word_1_38' title='bbox 914 1119 1024 1184; x_wconf 88' lang='lat' dir='ltr'>certo</span> 
     </span>
     <span class='ocr_line' id='line_1_7' title="bbox 10 1221 1025 1343; baseline 0 -25"><span class='ocrx_word' id='word_1_39' title='bbox 10 1261 105 1319; x_wconf 90' lang='lat' dir='ltr'>non</span> <span class='ocrx_word' id='word_1_40' title='bbox 124 1253 296 1343; x_wconf 82' lang='lat' dir='ltr'>parvum</span> <span class='ocrx_word' id='word_1_41' title='bbox 313 1221 561 1338; x_wconf 80' lang='lat' dir='ltr'>periculum</span> <span class='ocrx_word' id='word_1_42' title='bbox 549 1252 593 1308; x_wconf 86' lang='lat' dir='ltr'>rn</span> <span class='ocrx_word' id='word_1_43' title='bbox 619 1255 741 1314; x_wconf 89' lang='lat' dir='ltr'>mora.</span> <span class='ocrx_word' id='word_1_44' title='bbox 786 1231 851 1314; x_wconf 90' lang='lat' dir='ltr'>cui</span> <span class='ocrx_word' id='word_1_45' title='bbox 878 1251 922 1313; x_wconf 92' lang='lat' dir='ltr'>ut</span> <span class='ocrx_word' id='word_1_46' title='bbox 949 1237 1025 1320; x_wconf 87' lang='lat' dir='ltr'>ob·</span> 
     </span>
     <span class='ocr_line' id='line_1_8' title="bbox 5 1361 1026 1484; baseline 0.001 -28"><span class='ocrx_word' id='word_1_47' title='bbox 5 1371 128 1456; x_wconf 22' lang='lat' dir='ltr'>*viare</span> <span class='ocrx_word' id='word_1_48' title='bbox 149 1365 252 1452; x_wconf 89' lang='lat' dir='ltr'>velis</span> <span class='ocrx_word' id='word_1_49' title='bbox 270 1383 387 1479; x_wconf 89' lang='lat' dir='ltr'>rogat</span> <span class='ocrx_word' id='word_1_50' title='bbox 403 1361 535 1452; x_wconf 85' lang='lat' dir='ltr'>nostra</span> <span class='ocrx_word' id='word_1_51' title='bbox 553 1383 593 1447; x_wconf 90' lang='lat' dir='ltr'>te</span> <span class='ocrx_word' id='word_1_52' title='bbox 612 1385 699 1451; x_wconf 89' lang='lat' dir='ltr'>tota</span> <span class='ocrx_word' id='word_1_53' title='bbox 717 1365 887 1464; x_wconf 82' lang='lat' dir='ltr'>Schola,</span> <span class='ocrx_word' id='word_1_54' title='bbox 908 1393 1026 1484; x_wconf 88' lang='lat' dir='ltr'>rogat</span> 
     </span>
     <span class='ocr_line' id='line_1_9' title="bbox 17 1499 1024 1620; baseline 0 -27"><span class='ocrx_word' id='word_1_55' title='bbox 17 1504 204 1593; x_wconf 82' lang='lat' dir='ltr'>universa</span> <span class='ocrx_word' id='word_1_56' title='bbox 216 1501 477 1592; x_wconf 80' lang='lat' dir='ltr'>litteratontm</span> <span class='ocrx_word' id='word_1_57' title='bbox 494 1499 649 1587; x_wconf 80' lang='lat' dir='ltr'><strong>cohors.</strong></span> <span class='ocrx_word' id='word_1_58' title='bbox 719 1507 848 1590; x_wconf 91' lang='lat' dir='ltr'>Porro</span> <span class='ocrx_word' id='word_1_59' title='bbox 865 1529 911 1590; x_wconf 90' lang='lat' dir='ltr'>ut</span> <span class='ocrx_word' id='word_1_60' title='bbox 924 1506 1024 1620; x_wconf 90' lang='lat' dir='ltr'>quid</span> 
     </span>
     <span class='ocr_line' id='line_1_10' title="bbox 19 1639 1024 1752; baseline 0.001 -20"><span class='ocrx_word' id='word_1_61' title='bbox 19 1647 121 1732; x_wconf 87' lang='lat' dir='ltr'>novi</span> <span class='ocrx_word' id='word_1_62' title='bbox 138 1641 381 1730; x_wconf 76' lang='lat' dir='ltr'>renunciem</span> <span class='ocrx_word' id='word_1_63' title='bbox 408 1639 667 1732; x_wconf 88' lang='lat' dir='ltr'>contraillinc</span> <span class='ocrx_word' id='word_1_64' title='bbox 685 1667 774 1752; x_wconf 88' lang='lat' dir='ltr'>quae</span> <span class='ocrx_word' id='word_1_65' title='bbox 794 1643 1024 1734; x_wconf 82' lang='lat' dir='ltr'>adferuntur</span> 
     </span>
     <span class='ocr_line' id='line_1_11' title="bbox 19 1776 1024 1894; baseline 0.001 -28"><span class='ocrx_word' id='word_1_66' title='bbox 19 1782 127 1867; x_wconf 81' lang='lat' dir='ltr'>mala</span> <span class='ocrx_word' id='word_1_67' title='bbox 158 1779 342 1864; x_wconf 79' lang='lat' dir='ltr'>statutum</span> <span class='ocrx_word' id='word_1_68' title='bbox 364 1783 378 1828; x_wconf 88' lang='lat'>¹</span> <span class='ocrx_word' id='word_1_69' title='bbox 402 1776 459 1862; x_wconf 91' lang='lat' dir='ltr'>est</span> <span class='ocrx_word' id='word_1_70' title='bbox 483 1776 568 1862; x_wconf 88' lang='lat' dir='ltr'>heri</span> <span class='ocrx_word' id='word_1_71' title='bbox 593 1777 938 1894; x_wconf 84' lang='lat' dir='ltr'>inaugurationem</span> <span class='ocrx_word' id='word_1_72' title='bbox 970 1783 1024 1867; x_wconf 86' lang='lat' dir='ltr'>Il·</span> 
     </span>
     <span class='ocr_line' id='line_1_12' title="bbox 21 1911 1022 2006; baseline 0.004 -4"><span class='ocrx_word' id='word_1_73' title='bbox 21 1911 520 2003; x_wconf 72' lang='lat' dir='ltr'>lnstrisnostraeSchoiaein</span> <span class='ocrx_word' id='word_1_74' title='bbox 535 1912 711 2000; x_wconf 78' lang='lat' dir='ltr'>fessum²</span> <span class='ocrx_word' id='word_1_75' title='bbox 737 1917 1022 2006; x_wconf 82' lang='lat' dir='ltr'>Bartholomaei</span> 
     </span>
     <span class='ocr_line' id='line_1_13' title="bbox 19 2033 1015 2166; baseline 0.001 -24"><span class='ocrx_word' id='word_1_76' title='bbox 19 2051 278 2145; x_wconf 78' lang='lat' dir='ltr'>faciendam,</span> <span class='ocrx_word' id='word_1_77' title='bbox 322 2033 410 2162; x_wconf 80' lang='lat' dir='ltr'>quar</span> <span class='ocrx_word' id='word_1_78' title='bbox 434 2072 480 2134; x_wconf 91' lang='lat' dir='ltr'>ut</span> <span class='ocrx_word' id='word_1_79' title='bbox 502 2051 629 2161; x_wconf 85' lang='lat' dir='ltr'>major</span> <span class='ocrx_word' id='word_1_80' title='bbox 644 2056 912 2166; x_wconf 88' lang='lat' dir='ltr'>celebriorque</span> <span class='ocrx_word' id='word_1_81' title='bbox 930 2056 1015 2143; x_wconf 89' lang='lat' dir='ltr'>fieri</span> 
     </span>
     <span class='ocr_line' id='line_1_14' title="bbox 22 2186 1028 2306; baseline -0.001 -28"><span class='ocrx_word' id='word_1_82' title='bbox 22 2190 182 2306; x_wconf 70' lang='lat' dir='ltr'>postet,</span> <span class='ocrx_word' id='word_1_83' title='bbox 224 2187 404 2274; x_wconf 85' lang='lat' dir='ltr'>scribitur</span> <span class='ocrx_word' id='word_1_84' title='bbox 418 2186 470 2273; x_wconf 89' lang='lat' dir='ltr'>ad</span> <span class='ocrx_word' id='word_1_85' title='bbox 490 2189 542 2272; x_wconf 93' lang='lat' dir='ltr'>D.</span> <span class='ocrx_word' id='word_1_86' title='bbox 561 2193 579 2262; x_wconf 83' lang='lat'>3</span> <span class='ocrx_word' id='word_1_87' title='bbox 603 2190 814 2284; x_wconf 80' lang='lat' dir='ltr'>Tiardam,</span> <span class='ocrx_word' id='word_1_88' title='bbox 852 2217 895 2277; x_wconf 92' lang='lat' dir='ltr'>ut</span> <span class='ocrx_word' id='word_1_89' title='bbox 918 2215 1028 2277; x_wconf 86' lang='lat' dir='ltr'>tran·</span> 
     </span>
     <span class='ocr_line' id='line_1_15' title="bbox 22 2323 1027 2446; baseline 0.001 -30"><span class='ocrx_word' id='word_1_90' title='bbox 22 2329 124 2446; x_wconf 86' lang='lat' dir='ltr'>figat</span> <span class='ocrx_word' id='word_1_91' title='bbox 143 2355 235 2414; x_wconf 90' lang='lat' dir='ltr'>cum</span> <span class='ocrx_word' id='word_1_92' title='bbox 257 2325 309 2410; x_wconf 79' lang='lat' dir='ltr'>D..</span> <span class='ocrx_word' id='word_1_93' title='bbox 328 2325 560 2439; x_wconf 86' lang='lat' dir='ltr'>Pynackero</span> <span class='ocrx_word' id='word_1_94' title='bbox 577 2331 600 2391; x_wconf 88' lang='lat'>4</span> <span class='ocrx_word' id='word_1_95' title='bbox 621 2327 670 2411; x_wconf 89' lang='lat' dir='ltr'>ad</span> <span class='ocrx_word' id='word_1_96' title='bbox 689 2323 1027 2427; x_wconf 72' lang='lat' dir='ltr'>uos&#39;adducendos</span> 
     </span>
     <span class='ocr_line' id='line_1_16' title="bbox 24 2461 1029 2578; baseline -0.004 -25"><span class='ocrx_word' id='word_1_97' title='bbox 24 2491 101 2578; x_wconf 90' lang='lat' dir='ltr'>qua</span> <span class='ocrx_word' id='word_1_98' title='bbox 116 2469 214 2558; x_wconf 84' lang='lat' dir='ltr'>inre</span> <span class='ocrx_word' id='word_1_99' title='bbox 232 2461 371 2575; x_wconf 92' lang='lat' dir='ltr'>fiquid</span> <span class='ocrx_word' id='word_1_100' title='bbox 390 2485 533 2576; x_wconf 69' lang='lat' dir='ltr'>potes,</span> <span class='ocrx_word' id='word_1_101' title='bbox 564 2489 666 2577; x_wconf 89' lang='lat' dir='ltr'>rogo</span> <span class='ocrx_word' id='word_1_102' title='bbox 687 2470 806 2551; x_wconf 89' lang='lat' dir='ltr'>etiam</span> <span class='ocrx_word' id='word_1_103' title='bbox 827 2472 950 2551; x_wconf 90' lang='lat' dir='ltr'>amice</span> <span class='ocrx_word' id='word_1_104' title='bbox 967 2467 1029 2575; x_wconf 88' lang='lat' dir='ltr'>ju·</span> 
     </span>
    </p>
   </div>
   <div class='ocr_carea' id='block_1_3' title="bbox 24 2599 1158 2715">
    <p class='ocr_par' dir='ltr' id='par_1_3' title="bbox 24 2599 1158 2715">
     <span class='ocr_line' id='line_1_17' title="bbox 24 2599 1158 2715; baseline 0 -27"><span class='ocrx_word' id='word_1_105' title='bbox 24 2631 123 2699; x_wconf 83' lang='lat' dir='ltr'>ves,</span> <span class='ocrx_word' id='word_1_106' title='bbox 170 2599 387 2687; x_wconf 87' lang='lat' dir='ltr'>maximesr</span> <span class='ocrx_word' id='word_1_107' title='bbox 417 2623 535 2714; x_wconf 85' lang='lat' dir='ltr'>queat</span> <span class='ocrx_word' id='word_1_108' title='bbox 551 2601 756 2715; x_wconf 86' lang='lat' dir='ltr'>praesentia</span> <span class='ocrx_word' id='word_1_109' title='bbox 775 2603 839 2687; x_wconf 90' lang='lat' dir='ltr'>sua</span> <span class='ocrx_word' id='word_1_110' title='bbox 859 2633 933 2687; x_wconf 90' lang='lat' dir='ltr'>nos</span> <span class='ocrx_word' id='word_1_111' title='bbox 952 2603 1028 2688; x_wconf 88' lang='lat' dir='ltr'>isto</span> <span class='ocrx_word' id='word_1_112' title='bbox 1156 2613 1158 2618; x_wconf 84' lang='grc'><strong>’</strong></span> 
     </span>
    </p>
   </div>
   <div class='ocr_carea' id='block_1_4' title="bbox 25 2739 1035 3261">
    <p class='ocr_par' dir='ltr' id='par_1_4' title="bbox 25 2739 1035 3261">
     <span class='ocr_line' id='line_1_18' title="bbox 25 2739 1032 2855; baseline -0.003 -29"><span class='ocrx_word' id='word_1_113' title='bbox 25 2762 215 2855; x_wconf 87' lang='lat' dir='ltr'>tempore</span> <span class='ocrx_word' id='word_1_114' title='bbox 243 2739 389 2831; x_wconf 67' lang='lat' dir='ltr'>bearet</span> <span class='ocrx_word' id='word_1_115' title='bbox 436 2761 556 2852; x_wconf 89' lang='lat' dir='ltr'>atque</span> <span class='ocrx_word' id='word_1_116' title='bbox 585 2743 745 2824; x_wconf 85' lang='lat' dir='ltr'>interim</span> <span class='ocrx_word' id='word_1_117' title='bbox 775 2768 827 2822; x_wconf 86' lang='lat' dir='ltr'>ne</span> <span class='ocrx_word' id='word_1_118' title='bbox 848 2740 1032 2854; x_wconf 85' lang='lat' dir='ltr'>negligas</span> 
     </span>
     <span class='ocr_line' id='line_1_19' title="bbox 27 2873 1032 2992; baseline -0.006 -28"><span class='ocrx_word' id='word_1_119' title='bbox 27 2907 115 2964; x_wconf 87' lang='lat' dir='ltr'>cum</span> <span class='ocrx_word' id='word_1_120' title='bbox 143 2874 293 2962; x_wconf 87' lang='lat' dir='ltr'>Hovio</span> <span class='ocrx_word' id='word_1_121' title='bbox 312 2899 388 2964; x_wconf 81' lang='lat' dir='ltr'>nos</span> <span class='ocrx_word' id='word_1_122' title='bbox 431 2873 672 2992; x_wconf 86' lang='lat' dir='ltr'>propediem</span> <span class='ocrx_word' id='word_1_123' title='bbox 703 2876 837 2960; x_wconf 85' lang='lat' dir='ltr'>visere.</span> <span class='ocrx_word' id='word_1_124' title='bbox 908 2874 1032 2958; x_wconf 89' lang='lat' dir='ltr'>Hisce</span> 
     </span>
     <span class='ocr_line' id='line_1_20' title="bbox 28 3009 1034 3126; baseline -0.014 -16"><span class='ocrx_word' id='word_1_125' title='bbox 28 3009 136 3109; x_wconf 61' lang='lat' dir='ltr'>vale,</span> <span class='ocrx_word' id='word_1_126' title='bbox 174 3038 319 3124; x_wconf 87' lang='lat' dir='ltr'>meque</span> <span class='ocrx_word' id='word_1_127' title='bbox 334 3033 380 3095; x_wconf 94' lang='lat' dir='ltr'>ut</span> <span class='ocrx_word' id='word_1_128' title='bbox 392 3009 492 3098; x_wconf 89' lang='lat' dir='ltr'>soles</span> <span class='ocrx_word' id='word_1_129' title='bbox 510 3042 638 3100; x_wconf 87' lang='lat' dir='ltr'>amare</span> <span class='ocrx_word' id='word_1_130' title='bbox 655 3014 827 3126; x_wconf 83' lang='lat' dir='ltr'>pergito.</span> <span class='ocrx_word' id='word_1_131' title='bbox 876 3011 1034 3096; x_wconf 86' lang='lat' dir='ltr'>Salutat</span> 
     </span>
     <span class='ocr_line' id='line_1_21' title="bbox 26 3147 1035 3261; baseline -0.008 -23"><span class='ocrx_word' id='word_1_132' title='bbox 26 3175 209 3261; x_wconf 88' lang='lat' dir='ltr'>tequam</span> <span class='ocrx_word' id='word_1_133' title='bbox 229 3147 505 3234; x_wconf 85' lang='lat' dir='ltr'>officiofrffime</span> <span class='ocrx_word' id='word_1_134' title='bbox 525 3149 577 3234; x_wconf 88' lang='lat' dir='ltr'>D.</span> <span class='ocrx_word' id='word_1_135' title='bbox 601 3151 810 3240; x_wconf 84' lang='lat' dir='ltr'>Emmius‚</span> <span class='ocrx_word' id='word_1_136' title='bbox 855 3173 1035 3230; x_wconf 90' lang='lat' dir='ltr'>commu·</span> 
     </span>
    </p>
   </div>
   <div class='ocr_carea' id='block_1_5' title="bbox 23 3269 1031 3552">
    <p class='ocr_par' dir='ltr' id='par_1_5' title="bbox 23 3269 1031 3552">
     <span class='ocr_line' id='line_1_22' title="bbox 23 3269 1031 3400; baseline -0.005 -24"><span class='ocrx_word' id='word_1_137' title='bbox 23 3290 92 3376; x_wconf 83' lang='lat' dir='ltr'>nis</span> <span class='ocrx_word' id='word_1_138' title='bbox 108 3269 242 3373; x_wconf 83' lang='lat' dir='ltr'>noster</span> <span class='ocrx_word' id='word_1_139' title='bbox 258 3288 419 3372; x_wconf 85' lang='lat' dir='ltr'>amicus.</span> <span class='ocrx_word' id='word_1_140' title='bbox 440 3287 610 3400; x_wconf 88' lang='lat' dir='ltr'>Raptim</span> <span class='ocrx_word' id='word_1_141' title='bbox 630 3279 912 3395; x_wconf 87' lang='lat' dir='ltr'>diev111.Julii</span> <span class='ocrx_word' id='word_1_142' title='bbox 924 3313 1031 3371; x_wconf 88' lang='lat' dir='ltr'>anno</span> 
     </span>
     <span class='ocr_line' id='line_1_23' title="bbox 24 3423 773 3552; baseline -0.013 -39"><span class='ocrx_word' id='word_1_143' title='bbox 24 3425 183 3517; x_wconf 85' lang='lat' dir='ltr'>Christi</span> <span class='ocrx_word' id='word_1_144' title='bbox 221 3423 294 3512; x_wconf 84' lang='lat' dir='ltr'>clo</span> <span class='ocrx_word' id='word_1_145' title='bbox 330 3423 409 3510; x_wconf 82' lang='lat' dir='ltr'>Iac</span> <span class='ocrx_word' id='word_1_146' title='bbox 445 3449 544 3552; x_wconf 74' lang='lat' dir='ltr'>utu.</span> <span class='ocrx_word' id='word_1_147' title='bbox 581 3423 654 3506; x_wconf 89' lang='lat' dir='ltr'>stil.</span> <span class='ocrx_word' id='word_1_148' title='bbox 673 3449 773 3509; x_wconf 89' lang='lat' dir='ltr'>corn.</span> 
     </span>
    </p>
   </div>
   <div class='ocr_carea' id='block_1_6' title="bbox 527 3597 858 3694">
    <p class='ocr_par' dir='ltr' id='par_1_6' title="bbox 527 3597 858 3694">
     <span class='ocr_line' id='line_1_24' title="bbox 527 3597 858 3694; baseline 0.006 -28"><span class='ocrx_word' id='word_1_149' title='bbox 527 3598 623 3666; x_wconf 77' lang='lat' dir='ltr'>Tuus</span> <span class='ocrx_word' id='word_1_150' title='bbox 637 3615 774 3694; x_wconf 80' lang='lat' dir='ltr'>quantus</span> <span class='ocrx_word' id='word_1_151' title='bbox 780 3597 858 3689; x_wconf 80' lang='lat' dir='ltr'>flurs</span> 
     </span>
    </p>
   </div>
   <div class='ocr_carea' id='block_1_7' title="bbox 470 3724 1037 3952">
    <p class='ocr_par' dir='ltr' id='par_1_7' title="bbox 470 3724 1037 3952">
     <span class='ocr_line' id='line_1_25' title="bbox 470 3724 1035 3815; baseline -0.005 -1"><span class='ocrx_word' id='word_1_152' title='bbox 470 3729 514 3814; x_wconf 88' lang='lat' dir='ltr'>P.</span> <span class='ocrx_word' id='word_1_153' title='bbox 551 3724 1035 3815; x_wconf 71' lang='lat' dir='ltr'>easmconwsl</span> 
     </span>
     <span class='ocr_line' id='line_1_26' title="bbox 636 3876 1037 3952; baseline -0.005 -9"><span class='ocrx_word' id='word_1_154' title='bbox 636 3876 668 3952; x_wconf 84' lang='lat' dir='ltr'>F</span> <span class='ocrx_word' id='word_1_155' title='bbox 917 3877 1037 3944; x_wconf 80' lang='lat' dir='ltr'>rStae·</span> 
     </span>
    </p>
   </div>
   <div class='ocr_carea' id='block_1_8' title="bbox 0 0 1331 4462">
    <p class='ocr_par' dir='ltr' id='par_1_8' title="bbox 0 0 1331 4462">
     <span class='ocr_line' id='line_1_27' title="bbox 0 0 1331 4462; baseline 0 0"><span class='ocrx_word' id='word_1_156' title='bbox 0 0 1331 4462; x_wconf 95' lang='lat' dir='ltr'> </span> 
     </span>
    </p>
   </div>
  </div>
 </body>
</html>
