2684 4476
264 219 310 290 26
421 209 533 285 'DE
575 203 727 286 VITA
775 203 862 282 ET
910 203 1113 284 OBITU

267 350 329 394 tam
342 329 456 410 pudens
469 329 499 390 ἃ
512 325 641 388 insolens
654 327 685 386 in
699 323 826 402 petendo
851 321 928 387 ell'et.
966 321 1117 401 Ascbme,
1142 321 1258 404 inquit,

269 428 300 472 te
313 423 430 500 oportet
442 425 551 499 munus
570 421 658 466 tuum
677 405 780 494 minus
801 401 931 466 officiose
943 403 1034 471 obire,
1064 404 1095 466 dr
1108 404 1193 496 plura
1205 423 1261 494 an.

268 481 1142 654 laislalalaallnlllllwaldila?
1163 499 1261 652 'aaa

268 633 1260 808 aaaaaall‘alsavu....lvuaalaaalaag

268 817 368 880 petere
378 797 490 859 recusas
503 821 510 857 :
531 815 592 856 non
606 815 639 886 ιιι
652 810 703 856 tua
715 792 907 882 laberahsl'una
919 795 1048 886 Domana
1068 811 1134 874 quaa
1155 795 1197 866 lar
1210 814 1260 886 art

267 877 327 940 tibi
346 876 542 966 complurima
565 887 659 952 cupit.
699 871 985 963 Malunyeflspondat
1007 874 1072 966 alle,
1097 891 1161 933 mea
1208 872 1261 933 alr·

270 955 370 1034 gentia
393 954 422 1016 δι
442 951 541 1014 officio
555 951 631 1011 bene
644 948 681 1009 de
693 969 757 1011 mea
780 969 916 1042 principe
938 969 1162 1030 merer1,quam
1182 968 1259 1030 prae-

145 1077 148 1086 «
268 1035 355 1095 claris
378 1030 553 1093 muneribus
572 1029 723 1090 immerito
748 1025 890 1089 adornari.
930 1026 1136 1090 Nihilominus
1154 1044 1259 1091 tamen

270 1112 364 1189 Regia
375 1106 511 1187 Maiestas
524 1107 628 1168 multis
639 1123 710 1166 eum
723 1105 753 1166 dt
766 1107 881 1182 magnis
902 1103 1051 1168 benificiis
1063 1125 1080 1167 e
1092 1105 1142 1167 sua
1154 1108 1260 1172 muni.

269 1189 326 1252 lica
338 1189 470 1250 bonitate
479 1186 729 1264 collocupletavit.
751 1181 808 1244 Sed
819 1183 855 1244 ab
868 1182 918 1244 illa
930 1184 1043 1263 semper
1053 1184 1137 1264 prius
1146 1182 1259 1244 dabara-

151 1323 153 1329 ,
272 1286 331 1341 tur,
357 1284 446 1343 quam
459 1264 558 1325 abillo
570 1261 751 1338 petebantur.
790 1258 889 1322 Tanta
901 1279 961 1322 erar
974 1261 1063 1338 hujus
1075 1259 1207 1323 hominis
1220 1261 1259 1322 ab

269 1345 355 1406 omni
369 1343 524 1422 largitione
535 1342 563 1402 δι
575 1339 749 1400 muneribus
760 1338 941 1418 accipiendis
950 1338 1130 1413 abstinentia,
1139 1356 1174 1400 ut
1185 1359 1261 1400 cum

271 1444 326 1504 pro
338 1442 374 1483 eo
389 1421 533 1482 honorato
557 1419 636 1490 loco,
655 1436 717 1496 quo
742 1415 932 1494 fungebatur,
958 1439 1013 1497 pro
1025 1437 1056 1477 ea
1070 1417 1200 1494 gratia&
1213 1417 1261 1478 fa-

271 1521 353 1572 vore,
373 1518 434 1578 quo
457 1496 535 1576 apud
559 1495 640 1556 suam
666 1492 833 1574 principem
857 1491 988 1568 florebat,
1013 1498 1106 1556 multa
1131 1497 1160 1557 ἃ
1183 1515 1260 1575 pre·

271 1580 347 1640 clara
356 1575 519 1648 munera&
531 1589 567 1633 ut
576 1578 698 1631 Homerus
709 1589 795 1633 vocat
805 1567 904 1640 aym
915 1565 1019 1628 ὅπου
1027 1573 1061 1633 ad
1074 1591 1143 1635 eum
1156 1577 1262 1635 mitte·

246 1703 252 1716 .
273 1671 385 1728 rentur,
405 1674 436 1713 ea
450 1650 549 1713 omnia
562 1669 668 1727 magno
692 1669 763 1710 cum
782 1650 900 1712 fastidio
926 1651 1106 1730 repudiabat,
1125 1651 1261 1732 asperna-

272 1735 369 1804 batur,
388 1729 571 1791 remittebat:
590 1726 739 1807 sapiffime
748 1725 895 1801 dislitans,
907 1727 1006 1790 Deum
1018 1730 1046 1790 ei
1060 1729 1192 1806 linguam
1206 1749 1260 1790 ve·

273 1812 370 1873 nalem
391 1829 453 1869 non
478 1803 594 1878 dedisse,
614 1822 648 1866 ut
670 1822 720 1867 aut
740 1806 914 1867 muneribus
939 1825 1185 1888 corrumperetur,
1205 1823 1260 1868 aut

273 1904 372 1970 aperte
394 1886 518 1965 pecunia
545 1887 624 1963 oppu
647 1899 773 1944 naretur.
811 1884 921 1945 Maluit
946 1903 1031 1963 parce
1044 1886 1073 1946 δι
1086 1881 1200 1947 duriter
1211 1887 1261 1945 vi-

273 1984 336 2029 tam
360 1963 474 2041 degere,
501 1980 589 2039 quam
614 1902 775 2022 fiadilsunis
797 1961 963 2039 largitionis
983 1962 1105 2023 fecibus
1126 1977 1260 2024 mentem

273 2045 415 2123 polluere.
454 2037 674 2118 Ingravescente
688 2041 746 2114 jana
771 2055 864 2112 aetate,
883 2037 1063 2101 anosturnis
1084 2037 1262 2119 &pomeri-

275 2122 372 2184 dianis
382 2117 486 2181 studiis
508 2115 695 2178 abhorrebat:
717 2117 909 2178 antelucanis
922 2117 951 2178 8<
964 2118 1116 2178 matutinis
1142 2136 1202 2180 tem
1225 2138 1261 2178 o-

276 2200 361 2260 ribus
386 2195 514 2274 legebat,
536 2194 801 2266 commentabatur,
825 2192 975 2268 studebat,
997 2194 1150 2257 scribebat.
1215 2213 1262 2259 rat

277 2294 399 2353 corpore
412 2273 578 2344 imbecillis,
602 2273 632 2333 δι
644 2271 881 2346 valetudinarius,
899 2273 1004 2334 multis
1017 2272 1128 2334 morbis
1138 2272 1262 2348 fras'tus,

276 2352 502 2417 continentibus
530 2349 663 2411 febribus
692 2367 865 2429 correptus,
898 2351 987 2412 variis
1018 2351 1262 2428 aegrotationibus

277 2430 418 2492 afflifbus:
437 2447 502 2505 quae
521 2429 623 2507 paucis
644 2445 710 2490 ante
731 2443 858 2489 mortem
881 2429 964 2489 annis
976 2447 1046 2489 eum
1059 2429 1091 2489 in
1116 2428 1259 2491 heflicana

276 2509 385 2571 febrim
405 2509 606 2583 conjecerunt,
625 2524 686 2583 quo
696 2523 828 2581 tempore
840 2505 877 2566 de
890 2507 954 2577 eius
966 2505 1056 2569 salute
1074 2505 1260 2586 desperatum

211 2648 214 2656 ,
277 2588 348 2649 fuit.
386 2584 442 2646 Sed
458 2583 559 2645 eafuit
578 2583 634 2644 Dei
658 2603 724 2661 erga
737 2585 823 2644 illum
842 2585 966 2658 bonitas,
990 2600 1024 2646 ut
1036 2584 1154 2646 tandem
1165 2585 1282 2646 medi-1

278 2683 385 2726 conam
408 2683 473 2742 ope,
490 2683 527 2722 ex
547 2682 580 2721 ea
602 2664 796 2722 convaluerit.
835 2662 946 2723 Omnia
959 2660 1072 2722 adversa
1085 2681 1169 2740 aequo
1183 2663 1261 2724 ferc-

280 2743 330 2801 bat
354 2743 471 2800 animo:
501 2759 556 2800 nec
581 2737 665 2801 duris
689 2741 885 2800 calamitatum
910 2737 1132 2803 difficultatibus
1156 2742 1261 2802 animo

279 2817 466 2890 consternari,
486 2836 540 2876 nec
554 2817 697 2893 prosperis
717 2835 814 2877 rerum
834 2815 1004 2878 successibus
1030 2818 1201 2880 insolescere
1213 2819 1262 2880 so-

280 2898 366 2958 lebat.
405 2895 577 2971 Angoribus
595 2893 653 2954 sese
677 2913 892 2970 nonnunquam
916 2893 1045 2965 dedidit,
1071 2898 1100 2956 &
1123 2895 1162 2955 ob
1184 2915 1263 2974 quo-

280 2973 405 3035 rundam
416 2971 664 3043 inhumanitatem,
685 2972 738 3049 qui
750 2974 777 3032 ei
789 2971 950 3033 fidelilhmo
962 2971 1046 3032 infidi
1059 2973 1191 3046 fuerunt,
1208 2994 1265 3034 ve·

281 3052 432 3112 hemente'r
444 3050 473 3111 se
484 3051 673 3109 excruciavit.
712 3049 846 3128 Tempus
865 3070 962 3122 omne,
984 3050 1092 3127 quoda
1106 3051 1262 3114 manatinis

281 3127 400 3201 studiis,
415 3145 465 3188 aut
479 3126 638 3202 Maiestatis
650 3128 747 3205 Regiae
767 3129 887 3204 privatis
900 3131 1026 3205 negotiis
1040 3127 1202 3207 supererat3
1225 3128 1262 3190 id

281 3225 382 3267 totum
406 3223 456 3267 aut
475 3202 602 3265 honestis
623 3206 813 3267 exercitiis&
834 3206 1087 3278 oblefbationibus,
1107 3223 1197 3267 antea
1211 3227 1262 3269 me

282 3285 541 3355 commemoratis;
568 3297 618 3342 aut
640 3285 801 3343 amicorum
826 3285 940 3344 mutuis
964 3284 1263 3361 confabulationibus,

283 3379 335 3422 aut
345 3362 507 3438 colloquiis
526 3379 594 3420 cum
609 3363 768 3437 peregrinis
787 3361 958 3422 hominibus
979 3361 1111 3423 tradidit.
1150 3363 1280 3439 Magna'

281 3440 316 3499 in
326 3440 408 3499 visbu
429 3437 619 3514 temperantia
642 3439 671 3499 uc
697 3436 870 3498 abstinentia
882 3439 961 3499 fuit:
988 3439 1144 3518 apiscibus
1157 3457 1261 3502 natura

284 3515 430 3576 abhoruit.
463 3516 492 3576 ὃ(
512 3515 550 3574 ob
572 3533 635 3574 earn
659 3516 748 3594 ipsam
771 3515 912 3588 caulsam,
931 3533 1069 3594 regnante
1087 3520 1211 3576 Eduardo
1224 3521 1262 3579 ab

280 3593 514 3670 Archiepiscopo
539 3595 724 3672 Cantaurienfi
743 3594 860 3655 licentia
884 3597 912 3654 ei
939 3595 1093 3673 apiscium
1118 3596 1168 3655 efu
1189 3615 1263 3657 con·

278 3669 351 3736 cella
362 3672 431 3736 fuit.
462 3671 658 3748 &imperium
667 3688 785 3736 tenente
797 3679 830 3734 R.
845 3677 945 3747 Maria,
964 3674 1027 3738 aliis
1040 3675 1086 3738 uti
1095 3674 1261 3739 rationibus

1172 3772 1262 3830 coge-
