2570 4462
266 255 335 348 33⁸
363 217 1078 345 commuuunurrrnuu'n,
1098 241 1170 348 &e

266 373 376 455 cupide
387 369 518 452 expecto.
557 369 641 436 Deus
658 367 852 450 longilsrnam
865 372 975 444 vitm,
997 371 1028 433 o
1046 360 1251 439 soterum·

265 447 653 609 :wsbllfeffumvestm
676 448 885 558 rimplitudini
893 449 1062 536 concednu
1081 455 1206 516 uncini.

508 728 760 845 cursu.
792 753 988 868 ‚xtotvu

267 887 332 994 D.
384 891 639 993 Aurunco·
676 890 993 993 Mnucurour
1043 892 1233 1000 Buluu

402 1045 678 1140 ¹suturout
720 1044 786 1106 ru
829 1041 1100 1108 ruussm.

587 1207 638 1261 Pro
656 1201 785 1260 Gulielmo
804 1197 931 1276 Watsont.
1018 1197 1021 1208 '

313 1319 501 1391 [lustrillrnre
527 1329 557 1391 δι
576 1322 815 1405 excellentiffnne
841 1325 999 1408 Princeps,
1031 1325 1237 1394 honoretilliort

333 1409 472 1470 Domine.
510 1408 621 1472 Literas
639 1407 826 1472 Excellentiae
846 1403 947 1468 vestre
967 1403 1128 1470 undecimo
1144 1408 1234 1488 Junii,

273 1491 426 1562 Montr'regii
437 1485 524 1560 datas,
534 1487 642 1566 accepi.
675 1485 719 1546 Ex
732 1485 841 1561 quibus
853 1485 945 1546 literis
957 1482 1108 1564 duplicem
1117 1489 1184 1568 cepi
1193 1509 1239 1550 vo·

268 1567 422 1643 luptatem.
454 1561 587 1644 primum
611 1562 692 1642 quod
712 1581 749 1624 ex
772 1561 830 1625 hiis
854 1557 948 1624 literis
973 1563 1129 1640 intellexi,
1148 1585 1237 1638 mur,

271 1642 354 1705 sexto
375 1643 499 1722 Aprilis,
523 1644 636 1701 Londini
660 1641 749 1714 datas,
768 1640 920 1702 admanur
942 1638 1250 1716 vestre-Excellentic

271 1721 450 1800 pervenirier
470 1721 584 1793 deinde,
602 1715 723 1780 vestram
736 1719 951 1781 Excellentiam
962 1721 1141 1798 petitionem
1153 1739 1238 1784 mam

271 1795 862 1876 dcquamornavibusisticaedificandis,
888 1799 1050 1859 clementer
1061 1799 1238 1883 benigneque

271 1875 349 1938 milri
372 1874 542 1940 concellllle.
581 1875 626 1938 Eo
649 1875 747 1936 anirno
769 1875 885 1955 accipio
911 1874 969 1937 hoc
993 1876 1184 1954 benificium,
1209 1891 1239 1938 ut

246 2033 253 2039 ι
270 1955 457 2037 summopere
469 1954 543 2016 mihi
555 1952 747 2016 laborandum
759 1949 814 2014 elle
825 1969 936 2034 putem,
950 1971 986 2016 ut
997 1955 1238 2047 quemadmodum

271 2029 1239 2195 {ilmllellssllblll,lillulillzlzlltlzllu

271 2185 380 2252 sentiat
397 2209 446 2252 me
465 2186 518 2250 elle
529 2189 672 2252 virum&
684 2203 808 2270 gratum,
833 2189 863 2251 δι
876 2192 951 2251 tenti
971 2189 1105 2253 benificii
1117 2213 1179 2256 non
1191 2193 1239 2252 im·

273 2284 447 2328 memorem.
487 2267 590 2344 Quod,
608 2279 646 2328 ut
655 2267 752 2329 verbis
774 2286 855 2328 nunc
867 2268 996 2329 libenter
1007 2267 1130 2332 ostendo
1144 2296 1151 2330 :
1167 2269 1203 2332 lic
1213 2287 1239 2329 re

156 2353 164 2368 '
272 2344 355 2424 ipsa,
375 2345 472 2420 brevi,
497 2345 563 2408 Deo
588 2347 727 2420 volente,
752 2345 832 2406 idem
854 2343 1015 2408 declarabo.
1055 2347 1240 2412 Condiciones

274 2443 388 2497 omnes,
407 2423 581 2504 quasvestra
599 2425 781 2486 Excellentia
804 2424 908 2485 scribit
933 2423 1239 2508 mihielseseqnendu

272 2501 498 2566 in'aedificandis
507 2502 565 2565 hiis
575 2515 702 2581 quatuor
712 2501 845 2575 navibus,
863 2503 1016 2584 &accipio
1025 2503 1132 2567 libenti
1142 2508 1239 2574 animo,

274 2581 307 2642 δι
320 2579 459 2661 prestabo
469 2579 621 2644 certissima
633 2579 708 2642 fide:
721 2581 771 2655 ita,
782 2597 816 2641 ut
826 2599 881 2640 nec
894 2583 1033 2660 cuiquam
1044 2586 1161 2662 privato
1173 2585 1237 2654 viro,

276 2681 333 2720 nec
346 2660 400 2740 ipl'r
423 2661 607 2740 Reipublicae
619 2658 798 2720 occasionem
821 2657 942 2721 daturus
961 2659 1012 2722 sun
1024 2659 1099 2736 juste
1113 2661 1241 2724 inhaere

276 2737 314 2796 de
326 2757 374 2797 me
383 2737 592 2816 conquerendi.
631 2738 677 2810 De
689 2735 881 2797 incommodo
893 2739 967 2810 ullo,
985 2741 1033 2799 vel
1047 2741 1182 2816 periculo
1192 2737 1241 2799 mi·

276 2817 361 2876 nimo
371 2817 557 2893 expellendo,
575 2815 624 2875 vel
635 2819 703 2890 Regi
716 2815 832 2886 Βακὰ,
858 2817 903 2874 vel
923 2811 993 2878 ullis
1017 2819 1129 2880 vicinis
1152 2814 1241 2879 uestris

276 2896 314 2954 eir
327 2891 518 2956 aedificatione
530 2893 633 2955 harum
654 2892 787 2964 navium,
805 2890 927 2966 nonest,
945 2911 982 2956 ut
993 2893 1085 2957 vestra
1098 2898 1242 2960 Excellen-

275 2972 350 3031 tiam
360 2975 520 3050 quicquam
532 2974 642 3035 timeat.
681 2971 791 3032 Nullus
802 2972 883 3030 enim
904 2993 964 3033 non
982 2973 1182 3048 leviorum,
1198 2968 1240 3034 sed

277 3067 317 3108 ne
326 3051 450 3110 minima
462 3049 582 3128 quidem
595 3047 724 3128 suspicio
743 3049 835 3110 ullius
853 3065 953 3113 motus
965 3067 1066 3113 contro
1082 3068 1240 3132 quenquam

278 3125 313 3185 in
326 3125 383 3188 hoc
405 3147 495 3208 regno
515 3129 619 3204 Artgliae
639 3125 745 3188 existit.
783 3126 819 3186 In
832 3146 888 3203 qua
906 3147 938 3189 re
957 3127 1046 3190 fidem
1068 3131 1145 3194 milri
1164 3131 1240 3191 velim

278 3201 370 3264 vestra
383 3207 560 3267 Excellentia
570 3204 717 3279 habent,in
727 3208 830 3266 ceteris
841 3225 912 3266 vero
925 3209 999 3268 meis
1008 3209 1093 3270 rebus
1104 3209 1240 3274 omnibus,

277 3279 394 3342 summo
406 3282 502 3345 studio
514 3304 596 3362 rogo,
605 3300 640 3346 ut
653 3286 833 3362 procuratori
843 3303 910 3345 meo
920 3285 1041 3348 eandem
1054 3287 1146 3349 fidem
1159 3281 1239 3346 vestu

279 3353 458 3504 lll‘ecessedrtia
478 3363 613 3428 tribucre
626 3361 782 3442 dignetur,
800 3381 833 3425 ac
846 3361 865 3427 fi
878 3381 933 3440 ego
944 3364 1066 3444 presens
1079 3365 1146 3429 istic
1156 3362 1238 3428 elien.

332 3457 375 3513 us,
432 3463 452 3502 c.
