2606 4454
230 246 547 337 -Errsrm
585 248 884 336 Sm'cu.
933 253 1045 338 '181

201 511 748 602 ,EPISTOLA
817 507 871 593 X.

168 761 680 886 AMPLI'SSIMO
739 759 938 834 VIRO

409 949 719 1025 DOMINO

57 1123 529 1251 cAsrAffl
573 1121 1057 1292 BARLAEO,

255 1378 472 1468 Profeffori
493 1379 859 1470 Amstelodamenst.

719 1595 1059 1710 Amstelodamum.

59 1971 66 1980 ,
158 1872 396 2000 Amplifflme
414 1889 532 1989 atque
550 1869 769 1982 amicifflme
789 1873 885 1963 Vir,

51 2079 181 2396 Jam
195 2083 387 2172 calamum
406 2086 643 2179 sumseram‚
689 2108 735 2170 ut
757 2083 808 2173 de
824 2085 966 2216 itinere
988 2087 1056 2174 Se-

150 2220 336 2309 reniffimi
361 2223 531 2310 Domini
559 2205 752 2308 Eledtoris
776 2245 815 2310 te
850 2227 1057 2312 certiorem

146 2361 340 2452 facerem,
376 2389 466 2446 cum
483 2390 573 2450 ecce
588 2386 674 2446 tuas
690 2362 844 2471 accipio
862 2416 874 2456 ‚
911 2365 1056 2473 quibus

59 2497 272 2584 adventum
291 2497 517 2584 Serenitatis
533 2503 619 2586 Suae
640 2502 682 2584 in
693 2500 858 2587 vestram
877 2501 1072 2590 Urbemr

62 2634 158 2720 mihi
177 2632 340 2719 indicas.
410 2635 651 2749 Intempesta
679 2635 764 2723 haec
791 2636 886 2723 anni
903 2659 1057 2746 tempe-

62 2769 133 2856 stas
148 2771 415 2884 proculdubio
438 2774 579 2859 herotis
595 2773 690 2858 istos
708 2775 919 2890 fugabit&
939 2772 1058 2858 nobis

60 2910 139 2993 cito
156 2908 306 2993 reddet.
374 2908 452 2992 Sed
469 2909 632 3020 quando
660 2933 701 2996 te
730 2913 797 2996 hic
821 2907 1059 3020 exspeetabi-
1151 2935 1154 2941 ·

59 3053 172 3132 mus?
210 3047 252 3131 si
272 3047 377 3130 redii:
390 3046 578 3130 calculum
587 3077 700 3159 pono
711 3099 725 3142 ‚
745 3077 827 3132 non
839 3049 973 3131 venies
990 3075 1058 3130 an·

4 3227 5 3232 κ
62 3201 99 3267 te
116 3181 225 3270 diem
246 3184 387 3268 Martis
415 3187 472 3270 ob
503 3186 775 3272 recitationem
795 3208 953 3269 tuorum
973 3209 1058 3268 ver·

55 3319 165 3406 suum
189 3349 198 3401 :
244 3319 393 3406 diutiirs
419 3344 551 3406 tamen
574 3350 731 3409 manere
750 3353 835 3407 non
851 3300 993 3411 debeo
1029 3319 1058 3404 st

54 3455 220 3545 deloco
240 3459 509 3570 conspiciendi
528 3458 646 3541 funus
665 3485 816 3545 mature
833 3457 1059 3570 prospicere

54 3595 169 3683 velis.
238 3596 287 3681 In
304 3595 477 3710 prandio
498 3596 604 3710 apud
633 3596 837 3686 Comitem
858 3597 1059 3706 Rhingra·

69 3777 73 3784 ·
582 3732 632 3815 M
671 3758 692 3843 3
948 3732 1060 3820 vium
