<?xml version="1.0" encoding="UTF-8"?>
<!DOCTYPE html PUBLIC "-//W3C//DTD XHTML 1.0 Transitional//EN"
    "http://www.w3.org/TR/xhtml1/DTD/xhtml1-transitional.dtd">
<html xmlns="http://www.w3.org/1999/xhtml" xml:lang="en" lang="en">
 <head>
  <title>
</title>
<meta http-equiv="Content-Type" content="text/html;charset=utf-8" />
  <meta name='ocr-system' content='tesseract 3.04.00' />
  <meta name='ocr-capabilities' content='ocr_page ocr_carea ocr_par ocr_line ocrx_word'/>
</head>
<body>
  <div class='ocr_page' id='page_1' title='image "./rogeriaschamiep00sturgoog_0848.png"; bbox 0 0 2702 4442; ppageno 0'>
   <div class='ocr_carea' id='block_1_1' title="bbox 228 125 1143 276">
    <p class='ocr_par' dir='ltr' id='par_1_1' title="bbox 228 125 1143 276">
     <span class='ocr_line' id='line_1_1' title="bbox 228 125 1143 276; baseline -0.003 -44"><span class='ocrx_word' id='word_1_1' title='bbox 228 166 294 276; x_wconf 75' lang='lat'>54</span> <span class='ocrx_word' id='word_1_2' title='bbox 333 137 397 232; x_wconf 83' lang='lat' dir='ltr'>u.</span> <span class='ocrx_word' id='word_1_3' title='bbox 424 135 478 234; x_wconf 75' lang='grc' dir='ltr'>Ε.</span> <span class='ocrx_word' id='word_1_4' title='bbox 506 135 920 238; x_wconf 71' lang='lat' dir='ltr'>uniuntur</span> <span class='ocrx_word' id='word_1_5' title='bbox 958 125 1143 232; x_wconf 67' lang='lat' dir='ltr'>Vtri.</span> 
     </span>
    </p>
   </div>
   <div class='ocr_carea' id='block_1_2' title="bbox 222 292 1242 4074">
    <p class='ocr_par' dir='ltr' id='par_1_2' title="bbox 222 292 1242 2420">
     <span class='ocr_line' id='line_1_2' title="bbox 222 292 1235 405; baseline 0 -23"><span class='ocrx_word' id='word_1_6' title='bbox 222 297 401 382; x_wconf 75' lang='lat' dir='ltr'>restionis</span> <span class='ocrx_word' id='word_1_7' title='bbox 415 292 718 380; x_wconf 84' lang='lat' dir='ltr'>custodiendum.</span> <span class='ocrx_word' id='word_1_8' title='bbox 774 293 1008 381; x_wconf 80' lang='lat' dir='ltr'>Desunuum</span> <span class='ocrx_word' id='word_1_9' title='bbox 1024 321 1096 405; x_wconf 92' lang='lat' dir='ltr'>pro</span> <span class='ocrx_word' id='word_1_10' title='bbox 1123 296 1235 382; x_wconf 81' lang='lat' dir='ltr'>rolris</span> 
     </span>
     <span class='ocr_line' id='line_1_3' title="bbox 223 403 1234 519; baseline -0.002 -27"><span class='ocrx_word' id='word_1_11' title='bbox 223 411 390 519; x_wconf 85' lang='lat' dir='ltr'><strong>eleganti</strong></span> <span class='ocrx_word' id='word_1_12' title='bbox 413 411 590 491; x_wconf 89' lang='lat' dir='ltr'>oratione</span> <span class='ocrx_word' id='word_1_13' title='bbox 605 403 785 490; x_wconf 85' lang='lat' dir='ltr'>laudabat</span> <span class='ocrx_word' id='word_1_14' title='bbox 800 405 1015 498; x_wconf 86' lang='lat' dir='ltr'>Franciscus</span> <span class='ocrx_word' id='word_1_15' title='bbox 1029 411 1234 510; x_wconf 81' lang='lat' dir='ltr'>Bermrdus,</span> 
     </span>
     <span class='ocr_line' id='line_1_4' title="bbox 224 521 1239 632; baseline -0.002 -28"><span class='ocrx_word' id='word_1_16' title='bbox 224 521 328 604; x_wconf 81' lang='lat' dir='ltr'>istius</span> <span class='ocrx_word' id='word_1_17' title='bbox 348 522 513 632; x_wconf 78' lang='lat' dir='ltr'>collegii</span> <span class='ocrx_word' id='word_1_18' title='bbox 536 522 676 617; x_wconf 86' lang='lat' dir='ltr'>socius,</span> <span class='ocrx_word' id='word_1_19' title='bbox 704 524 745 601; x_wconf 76' lang='grc' dir='ltr'>δι</span> <span class='ocrx_word' id='word_1_20' title='bbox 763 547 843 606; x_wconf 88' lang='lat' dir='ltr'>non</span> <span class='ocrx_word' id='word_1_21' title='bbox 866 521 917 602; x_wconf 88' lang='lat' dir='ltr'>ita</span> <span class='ocrx_word' id='word_1_22' title='bbox 936 521 1086 629; x_wconf 83' lang='lat' dir='ltr'>pridem</span> <span class='ocrx_word' id='word_1_23' title='bbox 1108 524 1239 604; x_wconf 85' lang='lat' dir='ltr'>Acade-</span> 
     </span>
     <span class='ocr_line' id='line_1_5' title="bbox 225 631 1241 742; baseline -0.004 -24"><span class='ocrx_word' id='word_1_24' title='bbox 225 635 312 718; x_wconf 86' lang='lat' dir='ltr'>miae</span> <span class='ocrx_word' id='word_1_25' title='bbox 328 635 590 716; x_wconf 77' lang='lat' dir='ltr'>Procurator-z</span> <span class='ocrx_word' id='word_1_26' title='bbox 617 631 774 728; x_wconf 74' lang='lat' dir='ltr'>curuis,</span> <span class='ocrx_word' id='word_1_27' title='bbox 806 632 871 738; x_wconf 91' lang='lat' dir='ltr'>qui</span> <span class='ocrx_word' id='word_1_28' title='bbox 886 635 1149 742; x_wconf 84' lang='lat' dir='ltr'>parentationi</span> <span class='ocrx_word' id='word_1_29' title='bbox 1162 636 1241 716; x_wconf 90' lang='lat' dir='ltr'>ade·</span> 
     </span>
     <span class='ocr_line' id='line_1_6' title="bbox 225 741 1242 854; baseline -0.007 -25"><span class='ocrx_word' id='word_1_30' title='bbox 225 763 329 846; x_wconf 54' lang='lat' dir='ltr'>rane</span> <span class='ocrx_word' id='word_1_31' title='bbox 359 741 578 854; x_wconf 87' lang='lat' dir='ltr'>lugentibus</span> <span class='ocrx_word' id='word_1_32' title='bbox 601 745 701 826; x_wconf 88' lang='lat' dir='ltr'>tanti</span> <span class='ocrx_word' id='word_1_33' title='bbox 720 745 805 826; x_wconf 91' lang='lat' dir='ltr'>Viri</span> <span class='ocrx_word' id='word_1_34' title='bbox 830 743 1024 854; x_wconf 76' lang='lat' dir='ltr'>jasluram</span> <span class='ocrx_word' id='word_1_35' title='bbox 1050 750 1093 829; x_wconf 81' lang='lat' dir='ltr'>sit</span> <span class='ocrx_word' id='word_1_36' title='bbox 1110 747 1242 826; x_wconf 77' lang='lat' dir='ltr'>Acade,-</span> 
     </span>
     <span class='ocr_line' id='line_1_7' title="bbox 225 853 1240 966; baseline -0.002 -26"><span class='ocrx_word' id='word_1_37' title='bbox 225 859 311 940; x_wconf 85' lang='lat' dir='ltr'>miae</span> <span class='ocrx_word' id='word_1_38' title='bbox 342 862 383 940; x_wconf 75' lang='lat'>8&lt;</span> <span class='ocrx_word' id='word_1_39' title='bbox 414 859 529 940; x_wconf 88' lang='lat' dir='ltr'>literis</span> <span class='ocrx_word' id='word_1_40' title='bbox 558 853 758 940; x_wconf 84' lang='lat' dir='ltr'>funestam.</span> <span class='ocrx_word' id='word_1_41' title='bbox 832 858 894 938; x_wconf 89' lang='lat' dir='ltr'>Ad</span> <span class='ocrx_word' id='word_1_42' title='bbox 923 857 1240 966; x_wconf 82' lang='lat' dir='ltr'>septentrionalem</span> 
     </span>
     <span class='ocr_line' id='line_1_8' title="bbox 224 966 1240 1079; baseline 0.001 -30"><span class='ocrx_word' id='word_1_43' title='bbox 224 971 362 1052; x_wconf 74' lang='lat' dir='ltr'>sacelli</span> <span class='ocrx_word' id='word_1_44' title='bbox 379 972 574 1078; x_wconf 87' lang='lat' dir='ltr'>parietem,</span> <span class='ocrx_word' id='word_1_45' title='bbox 592 967 753 1076; x_wconf 83' lang='lat' dir='ltr'>Conjux</span> <span class='ocrx_word' id='word_1_46' title='bbox 766 966 989 1079; x_wconf 83' lang='lat' dir='ltr'>erigendum</span> <span class='ocrx_word' id='word_1_47' title='bbox 1008 973 1156 1054; x_wconf 85' lang='lat' dir='ltr'>curavit</span> <span class='ocrx_word' id='word_1_48' title='bbox 1168 996 1240 1050; x_wconf 91' lang='lat' dir='ltr'>rno-</span> 
     </span>
     <span class='ocr_line' id='line_1_9' title="bbox 226 1079 1241 1190; baseline -0.003 -26"><span class='ocrx_word' id='word_1_49' title='bbox 226 1083 458 1180; x_wconf 87' lang='lat' dir='ltr'>nimentum,</span> <span class='ocrx_word' id='word_1_50' title='bbox 484 1079 627 1190; x_wconf 82' lang='lat' dir='ltr'>infigne</span> <span class='ocrx_word' id='word_1_51' title='bbox 656 1080 811 1189; x_wconf 86' lang='lat' dir='ltr'>quidem</span> <span class='ocrx_word' id='word_1_52' title='bbox 845 1084 885 1162; x_wconf 78' lang='lat' dir='ltr'>lit</span> <span class='ocrx_word' id='word_1_53' title='bbox 920 1083 1126 1189; x_wconf 89' lang='lat' dir='ltr'>pulchrum</span> <span class='ocrx_word' id='word_1_54' title='bbox 1153 1080 1241 1179; x_wconf 87' lang='lat' dir='ltr'>saris,</span> 
     </span>
     <span class='ocr_line' id='line_1_10' title="bbox 224 1192 1241 1304; baseline -0.002 -28"><span class='ocrx_word' id='word_1_55' title='bbox 224 1221 278 1276; x_wconf 86' lang='lat' dir='ltr'>ex</span> <span class='ocrx_word' id='word_1_56' title='bbox 300 1192 470 1276; x_wconf 85' lang='lat' dir='ltr'>candido</span> <span class='ocrx_word' id='word_1_57' title='bbox 490 1215 693 1289; x_wconf 82' lang='lat' dir='ltr'>marmore,</span> <span class='ocrx_word' id='word_1_58' title='bbox 727 1192 768 1272; x_wconf 91' lang='lat' dir='ltr'>in</span> <span class='ocrx_word' id='word_1_59' title='bbox 799 1195 904 1302; x_wconf 82' lang='lat' dir='ltr'>cujus</span> <span class='ocrx_word' id='word_1_60' title='bbox 935 1193 1078 1293; x_wconf 81' lang='lat' dir='ltr'>medio,</span> <span class='ocrx_word' id='word_1_61' title='bbox 1113 1195 1241 1304; x_wconf 77' lang='lat' dir='ltr'>reliqui</span> 
     </span>
     <span class='ocr_line' id='line_1_11' title="bbox 227 1303 1230 1416; baseline -0.005 -27"><span class='ocrx_word' id='word_1_62' title='bbox 227 1304 424 1416; x_wconf 87' lang='lat' dir='ltr'>superficie</span> <span class='ocrx_word' id='word_1_63' title='bbox 450 1307 568 1410; x_wconf 86' lang='lat' dir='ltr'>paulo</span> <span class='ocrx_word' id='word_1_64' title='bbox 586 1303 811 1403; x_wconf 86' lang='lat' dir='ltr'>elevatiori,</span> <span class='ocrx_word' id='word_1_65' title='bbox 841 1303 1000 1412; x_wconf 82' lang='lat' dir='ltr'>figuram</span> <span class='ocrx_word' id='word_1_66' title='bbox 1025 1307 1155 1388; x_wconf 82' lang='lat' dir='ltr'>cordis</span> <span class='ocrx_word' id='word_1_67' title='bbox 1172 1305 1230 1413; x_wconf 90' lang='lat' dir='ltr'>ips</span> 
     </span>
     <span class='ocr_line' id='line_1_12' title="bbox 226 1413 1240 1524; baseline -0.004 -22"><span class='ocrx_word' id='word_1_68' title='bbox 226 1414 482 1502; x_wconf 82' lang='lat' dir='ltr'>moribundus</span> <span class='ocrx_word' id='word_1_69' title='bbox 498 1416 659 1524; x_wconf 82' lang='lat' dir='ltr'>insculpi</span> <span class='ocrx_word' id='word_1_70' title='bbox 672 1413 812 1513; x_wconf 84' lang='lat' dir='ltr'>voluit,</span> <span class='ocrx_word' id='word_1_71' title='bbox 842 1414 942 1497; x_wconf 90' lang='lat' dir='ltr'>hisce</span> <span class='ocrx_word' id='word_1_72' title='bbox 959 1414 1084 1503; x_wconf 87' lang='lat' dir='ltr'>verbis</span> <span class='ocrx_word' id='word_1_73' title='bbox 1093 1419 1240 1500; x_wconf 90' lang='lat' dir='ltr'>circum-</span> 
     </span>
     <span class='ocr_line' id='line_1_13' title="bbox 228 1525 1241 1638; baseline 0.001 -26"><span class='ocrx_word' id='word_1_74' title='bbox 228 1529 389 1638; x_wconf 82' lang='lat' dir='ltr'>scriptiS,</span> <span class='ocrx_word' id='word_1_75' title='bbox 427 1525 605 1612; x_wconf 82' lang='lat' dir='ltr'>Habemus</span> <span class='ocrx_word' id='word_1_76' title='bbox 638 1560 697 1610; x_wconf 84' lang='lat' dir='ltr'>cur</span> <span class='ocrx_word' id='word_1_77' title='bbox 718 1526 900 1609; x_wconf 79' lang='lat' dir='ltr'>Bernardi</span> <span class='ocrx_word' id='word_1_78' title='bbox 929 1561 945 1610; x_wconf 92' lang='grc'>.·</span> <span class='ocrx_word' id='word_1_79' title='bbox 982 1527 1115 1612; x_wconf 83' lang='lat' dir='ltr'>subtus</span> <span class='ocrx_word' id='word_1_80' title='bbox 1150 1527 1241 1624; x_wconf 72' lang='lat' dir='ltr'>veru,</span> 
     </span>
     <span class='ocr_line' id='line_1_14' title="bbox 229 1636 1240 1749; baseline 0.002 -23"><span class='ocrx_word' id='word_1_81' title='bbox 229 1647 274 1726; x_wconf 87' lang='lat' dir='ltr'>E.</span> <span class='ocrx_word' id='word_1_82' title='bbox 295 1646 334 1725; x_wconf 87' lang='lat' dir='ltr'>B.</span> <span class='ocrx_word' id='word_1_83' title='bbox 349 1647 382 1723; x_wconf 91' lang='lat' dir='ltr'>S.</span> <span class='ocrx_word' id='word_1_84' title='bbox 402 1641 449 1722; x_wconf 89' lang='lat' dir='ltr'>T.</span> <span class='ocrx_word' id='word_1_85' title='bbox 472 1642 513 1722; x_wconf 88' lang='lat' dir='ltr'>P.</span> <span class='ocrx_word' id='word_1_86' title='bbox 548 1640 636 1722; x_wconf 84' lang='lat' dir='ltr'>obiit</span> <span class='ocrx_word' id='word_1_87' title='bbox 654 1636 738 1749; x_wconf 76' lang='lat' dir='ltr'>Jan.</span> <span class='ocrx_word' id='word_1_88' title='bbox 762 1665 820 1720; x_wconf 79' lang='lat'>12.</span> <span class='ocrx_word' id='word_1_89' title='bbox 853 1641 966 1747; x_wconf 79' lang='lat'>1696.</span> <span class='ocrx_word' id='word_1_90' title='bbox 1035 1649 1130 1745; x_wconf 82' lang='lat' dir='ltr'>Quae</span> <span class='ocrx_word' id='word_1_91' title='bbox 1152 1643 1240 1728; x_wconf 84' lang='lat' dir='ltr'>nuda</span> 
     </span>
     <span class='ocr_line' id='line_1_15' title="bbox 228 1750 1240 1864; baseline 0 -30"><span class='ocrx_word' id='word_1_92' title='bbox 228 1754 441 1864; x_wconf 85' lang='lat' dir='ltr'>epigraphe</span> <span class='ocrx_word' id='word_1_93' title='bbox 458 1753 497 1832; x_wconf 92' lang='lat' dir='ltr'>in</span> <span class='ocrx_word' id='word_1_94' title='bbox 519 1751 846 1862; x_wconf 88' lang='lat' dir='ltr'>parvoquadtato</span> <span class='ocrx_word' id='word_1_95' title='bbox 858 1779 1062 1852; x_wconf 86' lang='lat' dir='ltr'>marmore,</span> <span class='ocrx_word' id='word_1_96' title='bbox 1092 1750 1240 1861; x_wconf 90' lang='lat' dir='ltr'>subquo</span> 
     </span>
     <span class='ocr_line' id='line_1_16' title="bbox 229 1863 1239 1975; baseline -0.002 -27"><span class='ocrx_word' id='word_1_97' title='bbox 229 1865 395 1974; x_wconf 79' lang='lat' dir='ltr'>sepultus</span> <span class='ocrx_word' id='word_1_98' title='bbox 415 1868 522 1970; x_wconf 85' lang='lat' dir='ltr'>jacet,</span> <span class='ocrx_word' id='word_1_99' title='bbox 550 1863 685 1944; x_wconf 86' lang='lat' dir='ltr'>itidem</span> <span class='ocrx_word' id='word_1_100' title='bbox 707 1868 901 1970; x_wconf 91' lang='lat' dir='ltr'>repetitur.</span> <span class='ocrx_word' id='word_1_101' title='bbox 956 1869 1043 1946; x_wconf 88' lang='lat' dir='ltr'>Nec</span> <span class='ocrx_word' id='word_1_102' title='bbox 1058 1892 1158 1975; x_wconf 89' lang='lat' dir='ltr'>opus</span> <span class='ocrx_word' id='word_1_103' title='bbox 1172 1889 1239 1946; x_wconf 87' lang='lat' dir='ltr'>erat</span> 
     </span>
     <span class='ocr_line' id='line_1_17' title="bbox 232 1973 1239 2084; baseline -0.003 -26"><span class='ocrx_word' id='word_1_104' title='bbox 232 1981 318 2059; x_wconf 86' lang='lat' dir='ltr'>aliis</span> <span class='ocrx_word' id='word_1_105' title='bbox 350 1973 561 2084; x_wconf 82' lang='lat' dir='ltr'>magnificis</span> <span class='ocrx_word' id='word_1_106' title='bbox 586 1975 728 2070; x_wconf 86' lang='lat' dir='ltr'>titulis,</span> <span class='ocrx_word' id='word_1_107' title='bbox 763 2001 849 2054; x_wconf 89' lang='lat' dir='ltr'>cum</span> <span class='ocrx_word' id='word_1_108' title='bbox 885 1973 964 2082; x_wconf 90' lang='lat' dir='ltr'>ipse</span> <span class='ocrx_word' id='word_1_109' title='bbox 991 1974 1239 2060; x_wconf 82' lang='lat' dir='ltr'>laudatissima</span> 
     </span>
     <span class='ocr_line' id='line_1_18' title="bbox 231 2087 1240 2197; baseline -0.004 -25"><span class='ocrx_word' id='word_1_110' title='bbox 231 2089 342 2173; x_wconf 81' lang='lat' dir='ltr'>samar</span> <span class='ocrx_word' id='word_1_111' title='bbox 363 2091 459 2169; x_wconf 87' lang='lat' dir='ltr'>ultra</span> <span class='ocrx_word' id='word_1_112' title='bbox 487 2112 601 2169; x_wconf 86' lang='lat' dir='ltr'>omne</span> <span class='ocrx_word' id='word_1_113' title='bbox 627 2088 809 2193; x_wconf 80' lang='lat' dir='ltr'>elogium,</span> <span class='ocrx_word' id='word_1_114' title='bbox 840 2087 947 2197; x_wconf 92' lang='lat' dir='ltr'>quod</span> <span class='ocrx_word' id='word_1_115' title='bbox 976 2090 1102 2170; x_wconf 83' lang='lat' dir='ltr'>Amici</span> <span class='ocrx_word' id='word_1_116' title='bbox 1127 2087 1240 2196; x_wconf 88' lang='lat' dir='ltr'>super-</span> 
     </span>
     <span class='ocr_line' id='line_1_19' title="bbox 232 2197 1240 2303; baseline -0.001 -20"><span class='ocrx_word' id='word_1_117' title='bbox 232 2203 332 2283; x_wconf 82' lang='lat' dir='ltr'>stites</span> <span class='ocrx_word' id='word_1_118' title='bbox 352 2204 409 2279; x_wconf 82' lang='lat' dir='ltr'>rel</span> <span class='ocrx_word' id='word_1_119' title='bbox 429 2197 662 2282; x_wconf 77' lang='lat' dir='ltr'>comminisci</span> <span class='ocrx_word' id='word_1_120' title='bbox 678 2221 845 2303; x_wconf 84' lang='lat' dir='ltr'>potuere,</span> <span class='ocrx_word' id='word_1_121' title='bbox 868 2200 1153 2294; x_wconf 84' lang='lat' dir='ltr'>monimentum</span> <span class='ocrx_word' id='word_1_122' title='bbox 1178 2202 1240 2282; x_wconf 86' lang='lat' dir='ltr'>irn-</span> 
     </span>
     <span class='ocr_line' id='line_1_20' title="bbox 231 2308 940 2420; baseline -0.006 -27"><span class='ocrx_word' id='word_1_123' title='bbox 231 2309 458 2400; x_wconf 84' lang='lat' dir='ltr'>mortalibus</span> <span class='ocrx_word' id='word_1_124' title='bbox 478 2309 626 2418; x_wconf 86' lang='lat' dir='ltr'>scriptis</span> <span class='ocrx_word' id='word_1_125' title='bbox 648 2308 721 2405; x_wconf 83' lang='lat' dir='ltr'>suis</span> <span class='ocrx_word' id='word_1_126' title='bbox 738 2313 940 2420; x_wconf 78' lang='lat' dir='ltr'>reliquerit.</span> 
     </span>
    </p>

    <p class='ocr_par' dir='ltr' id='par_1_3' title="bbox 230 2422 1240 3424">
     <span class='ocr_line' id='line_1_21' title="bbox 287 2422 1239 2532; baseline -0.006 -25"><span class='ocrx_word' id='word_1_127' title='bbox 287 2430 333 2507; x_wconf 89' lang='lat' dir='ltr'>Su</span> <span class='ocrx_word' id='word_1_128' title='bbox 341 2423 471 2532; x_wconf 81' lang='lat' dir='ltr'>petest,</span> <span class='ocrx_word' id='word_1_129' title='bbox 504 2444 541 2504; x_wconf 90' lang='lat' dir='ltr'>ut</span> <span class='ocrx_word' id='word_1_130' title='bbox 559 2424 656 2506; x_wconf 87' lang='lat' dir='ltr'>illius</span> <span class='ocrx_word' id='word_1_131' title='bbox 674 2422 809 2503; x_wconf 80' lang='lat' dir='ltr'>inentis</span> <span class='ocrx_word' id='word_1_132' title='bbox 822 2425 1040 2530; x_wconf 75' lang='lat' dir='ltr'>imaginem,</span> <span class='ocrx_word' id='word_1_133' title='bbox 1066 2425 1106 2505; x_wconf 88' lang='lat' dir='ltr'>h.</span> <span class='ocrx_word' id='word_1_134' title='bbox 1121 2451 1152 2505; x_wconf 89' lang='lat' dir='ltr'>e.</span> <span class='ocrx_word' id='word_1_135' title='bbox 1173 2423 1239 2501; x_wconf 90' lang='lat' dir='ltr'>vir-</span> 
     </span>
     <span class='ocr_line' id='line_1_22' title="bbox 232 2533 1240 2642; baseline -0.008 -22"><span class='ocrx_word' id='word_1_136' title='bbox 232 2557 345 2634; x_wconf 73' lang='lat' dir='ltr'>tute3‚</span> <span class='ocrx_word' id='word_1_137' title='bbox 375 2536 561 2631; x_wconf 86' lang='lat' dir='ltr'>indolem,</span> <span class='ocrx_word' id='word_1_138' title='bbox 594 2558 731 2630; x_wconf 71' lang='lat' dir='ltr'>mosee,</span> <span class='ocrx_word' id='word_1_139' title='bbox 761 2537 1022 2642; x_wconf 87' lang='lat' dir='ltr'>reliquumque</span> <span class='ocrx_word' id='word_1_140' title='bbox 1042 2537 1132 2615; x_wconf 86' lang='lat' dir='ltr'>vitae</span> <span class='ocrx_word' id='word_1_141' title='bbox 1150 2533 1240 2616; x_wconf 84' lang='lat' dir='ltr'>insti·</span> 
     </span>
     <span class='ocr_line' id='line_1_23' title="bbox 232 2643 1239 2752; baseline -0.009 -20"><span class='ocrx_word' id='word_1_142' title='bbox 232 2670 356 2734; x_wconf 85' lang='lat' dir='ltr'>tutum</span> <span class='ocrx_word' id='word_1_143' title='bbox 376 2655 413 2729; x_wconf 71' lang='grc' dir='ltr'>ὃ(</span> <span class='ocrx_word' id='word_1_144' title='bbox 434 2651 584 2752; x_wconf 76' lang='lat' dir='ltr'>prurin,</span> <span class='ocrx_word' id='word_1_145' title='bbox 614 2643 754 2749; x_wconf 65' lang='lat' dir='ltr'>alisque</span> <span class='ocrx_word' id='word_1_146' title='bbox 770 2649 876 2726; x_wconf 86' lang='lat' dir='ltr'>omni</span> <span class='ocrx_word' id='word_1_147' title='bbox 897 2647 989 2726; x_wconf 82' lang='lat' dir='ltr'>salso</span> <span class='ocrx_word' id='word_1_148' title='bbox 1002 2651 1147 2745; x_wconf 84' lang='lat' dir='ltr'>colore,</span> <span class='ocrx_word' id='word_1_149' title='bbox 1166 2649 1239 2728; x_wconf 87' lang='lat' dir='ltr'>licet</span> 
     </span>
     <span class='ocr_line' id='line_1_24' title="bbox 232 2756 1238 2868; baseline -0.006 -25"><span class='ocrx_word' id='word_1_150' title='bbox 232 2787 313 2844; x_wconf 90' lang='lat' dir='ltr'>non</span> <span class='ocrx_word' id='word_1_151' title='bbox 344 2758 524 2868; x_wconf 71' lang='lat' dir='ltr'>graphice</span> <span class='ocrx_word' id='word_1_152' title='bbox 558 2763 596 2840; x_wconf 68' lang='grc' dir='ltr'>ὃ(</span> <span class='ocrx_word' id='word_1_153' title='bbox 629 2756 768 2836; x_wconf 67' lang='lat' dir='ltr'>urril‘ice</span> <span class='ocrx_word' id='word_1_154' title='bbox 800 2760 979 2865; x_wconf 85' lang='lat' dir='ltr'>penicillo</span> <span class='ocrx_word' id='word_1_155' title='bbox 1007 2761 1238 2852; x_wconf 82' lang='lat' dir='ltr'>delineatam,</span> 
     </span>
     <span class='ocr_line' id='line_1_25' title="bbox 230 2867 1237 2984; baseline -0.005 -31"><span class='ocrx_word' id='word_1_156' title='bbox 230 2875 348 2984; x_wconf 80' lang='lat' dir='ltr'>parri</span> <span class='ocrx_word' id='word_1_157' title='bbox 366 2876 404 2951; x_wconf 91' lang='lat' dir='ltr'>in</span> <span class='ocrx_word' id='word_1_158' title='bbox 426 2867 562 2949; x_wconf 74' lang='lat' dir='ltr'>tabelli</span> <span class='ocrx_word' id='word_1_159' title='bbox 579 2867 861 2973; x_wconf 66' lang='lat' dir='ltr'>representem:</span> <span class='ocrx_word' id='word_1_160' title='bbox 893 2871 1059 2978; x_wconf 84' lang='lat' dir='ltr'>itemque</span> <span class='ocrx_word' id='word_1_161' title='bbox 1081 2870 1237 2952; x_wconf 81' lang='lat' dir='ltr'>lucubra-</span> 
     </span>
     <span class='ocr_line' id='line_1_26' title="bbox 230 2977 1235 3088; baseline -0.007 -23"><span class='ocrx_word' id='word_1_162' title='bbox 230 2989 396 3080; x_wconf 76' lang='lat' dir='ltr'>tionum,</span> <span class='ocrx_word' id='word_1_163' title='bbox 434 3007 525 3088; x_wconf 76' lang='lat' dir='ltr'>quus</span> <span class='ocrx_word' id='word_1_164' title='bbox 543 2982 732 3087; x_wconf 53' lang='lat' dir='ltr'>petrellae</span> <span class='ocrx_word' id='word_1_165' title='bbox 765 2984 805 3061; x_wconf 69' lang='lat' dir='ltr'>Se</span> <span class='ocrx_word' id='word_1_166' title='bbox 836 2983 937 3061; x_wconf 85' lang='lat' dir='ltr'>lruurl</span> <span class='ocrx_word' id='word_1_167' title='bbox 955 2979 1104 3063; x_wconf 85' lang='lat' dir='ltr'>difficili</span> <span class='ocrx_word' id='word_1_168' title='bbox 1126 2977 1235 3064; x_wconf 79' lang='lat' dir='ltr'>labore</span> 
     </span>
     <span class='ocr_line' id='line_1_27' title="bbox 230 3091 1238 3206; baseline -0.005 -31"><span class='ocrx_word' id='word_1_169' title='bbox 230 3098 340 3206; x_wconf 81' lang='lat' dir='ltr'>prelo</span> <span class='ocrx_word' id='word_1_170' title='bbox 364 3094 558 3200; x_wconf 76' lang='lat' dir='ltr'>putandus.</span> <span class='ocrx_word' id='word_1_171' title='bbox 589 3115 654 3182; x_wconf 62' lang='lat' dir='ltr'>urit</span> <span class='ocrx_word' id='word_1_172' title='bbox 678 3091 998 3190; x_wconf 63' lang='lat' dir='ltr'>aletrannum,</span> <span class='ocrx_word' id='word_1_173' title='bbox 1033 3091 1238 3201; x_wconf 82' lang='lat' dir='ltr'>schedisque</span> 
     </span>
     <span class='ocr_line' id='line_1_28' title="bbox 230 3203 1238 3317; baseline -0.008 -27"><span class='ocrx_word' id='word_1_174' title='bbox 230 3234 313 3290; x_wconf 92' lang='lat' dir='ltr'>non</span> <span class='ocrx_word' id='word_1_175' title='bbox 335 3234 455 3312; x_wconf 63' lang='lat' dir='ltr'>purum</span> <span class='ocrx_word' id='word_1_176' title='bbox 471 3207 595 3299; x_wconf 68' lang='lat' dir='ltr'>mults,</span> <span class='ocrx_word' id='word_1_177' title='bbox 622 3214 660 3286; x_wconf 66' lang='grc'>8(</span> <span class='ocrx_word' id='word_1_178' title='bbox 675 3205 774 3286; x_wconf 77' lang='lat' dir='ltr'>libris</span> <span class='ocrx_word' id='word_1_179' title='bbox 787 3203 1101 3287; x_wconf 66' lang='lat' dir='ltr'>nucertiriorum</span> <span class='ocrx_word' id='word_1_180' title='bbox 1117 3206 1238 3317; x_wconf 80' lang='lat' dir='ltr'>sparsus</span> 
     </span>
     <span class='ocr_line' id='line_1_29' title="bbox 232 3319 1127 3424; baseline -0.004 -22"><span class='ocrx_word' id='word_1_181' title='bbox 232 3319 402 3424; x_wconf 84' lang='lat' dir='ltr'>reliquit,</span> <span class='ocrx_word' id='word_1_182' title='bbox 431 3319 591 3398; x_wconf 78' lang='lat' dir='ltr'>iudicent</span> <span class='ocrx_word' id='word_1_183' title='bbox 607 3319 803 3406; x_wconf 82' lang='lat' dir='ltr'>coronidis</span> <span class='ocrx_word' id='word_1_184' title='bbox 817 3322 903 3395; x_wconf 90' lang='lat' dir='ltr'>loco</span> <span class='ocrx_word' id='word_1_185' title='bbox 917 3345 1127 3424; x_wconf 84' lang='lat' dir='ltr'>apponant.</span> 
     </span>
    </p>

    <p class='ocr_par' dir='ltr' id='par_1_4' title="bbox 225 3425 1235 4074">
     <span class='ocr_line' id='line_1_30' title="bbox 287 3425 1235 3540; baseline -0.007 -31"><span class='ocrx_word' id='word_1_186' title='bbox 287 3431 378 3515; x_wconf 77' lang='lat' dir='ltr'>luiri</span> <span class='ocrx_word' id='word_1_187' title='bbox 398 3452 477 3510; x_wconf 81' lang='lat' dir='ltr'>erut</span> <span class='ocrx_word' id='word_1_188' title='bbox 494 3431 662 3530; x_wconf 63' lang='lat' dir='ltr'>ingenio,</span> <span class='ocrx_word' id='word_1_189' title='bbox 691 3431 729 3506; x_wconf 61' lang='lat' dir='ltr'>C&lt;</span> <span class='ocrx_word' id='word_1_190' title='bbox 746 3426 765 3506; x_wconf 72' lang='lat' dir='ltr'>u</span> <span class='ocrx_word' id='word_1_191' title='bbox 785 3427 913 3508; x_wconf 78' lang='lat' dir='ltr'>litibus</span> <span class='ocrx_word' id='word_1_192' title='bbox 934 3429 1142 3540; x_wconf 84' lang='lat' dir='ltr'>jurgiisque</span> <span class='ocrx_word' id='word_1_193' title='bbox 1161 3425 1235 3508; x_wconf 84' lang='lat' dir='ltr'>alie·</span> 
     </span>
     <span class='ocr_line' id='line_1_31' title="bbox 229 3537 1234 3650; baseline -0.007 -24"><span class='ocrx_word' id='word_1_194' title='bbox 229 3539 413 3645; x_wconf 57' lang='lat' dir='ltr'>nlilitum</span> <span class='ocrx_word' id='word_1_195' title='bbox 439 3542 462 3620; x_wconf 83' lang='lat' dir='ltr'>si</span> <span class='ocrx_word' id='word_1_196' title='bbox 485 3542 566 3621; x_wconf 65' lang='lat' dir='ltr'>rausn</span> <span class='ocrx_word' id='word_1_197' title='bbox 588 3564 653 3620; x_wconf 74' lang='lat' dir='ltr'>urit</span> <span class='ocrx_word' id='word_1_198' title='bbox 672 3541 799 3620; x_wconf 78' lang='lat' dir='ltr'>dediti</span> <span class='ocrx_word' id='word_1_199' title='bbox 814 3541 936 3647; x_wconf 73' lang='lat' dir='ltr'>operi</span> <span class='ocrx_word' id='word_1_200' title='bbox 964 3537 1234 3650; x_wconf 82' lang='lat' dir='ltr'>disceptationi·</span> 
     </span>
     <span class='ocr_line' id='line_1_32' title="bbox 228 3650 1230 3759; baseline -0.011 -22"><span class='ocrx_word' id='word_1_201' title='bbox 228 3654 300 3737; x_wconf 64' lang='lat' dir='ltr'>bui</span> <span class='ocrx_word' id='word_1_202' title='bbox 322 3657 535 3740; x_wconf 61' lang='lat' dir='ltr'>:lrnicotrun</span> <span class='ocrx_word' id='word_1_203' title='bbox 566 3654 613 3731; x_wconf 76' lang='lat' dir='ltr'>cle</span> <span class='ocrx_word' id='word_1_204' title='bbox 641 3650 750 3732; x_wconf 85' lang='lat' dir='ltr'>rebus</span> <span class='ocrx_word' id='word_1_205' title='bbox 777 3654 949 3732; x_wconf 80' lang='lat' dir='ltr'>literatiis</span> <span class='ocrx_word' id='word_1_206' title='bbox 970 3655 1088 3759; x_wconf 79' lang='lat' dir='ltr'>paulo</span> <span class='ocrx_word' id='word_1_207' title='bbox 1104 3657 1230 3736; x_wconf 85' lang='lat' dir='ltr'>seruen-</span> 
     </span>
     <span class='ocr_line' id='line_1_33' title="bbox 225 3761 1224 3872; baseline -0.004 -24"><span class='ocrx_word' id='word_1_208' title='bbox 225 3769 292 3850; x_wconf 78' lang='lat' dir='ltr'>tiu.</span> <span class='ocrx_word' id='word_1_209' title='bbox 318 3761 751 3858; x_wconf 56' lang='lat' dir='ltr'>uairutinnit-arteniiiut7</span> <span class='ocrx_word' id='word_1_210' title='bbox 773 3765 993 3844; x_wconf 77' lang='lat' dir='ltr'>sententiam</span> <span class='ocrx_word' id='word_1_211' title='bbox 1010 3763 1126 3868; x_wconf 85' lang='lat' dir='ltr'>suurn,</span> <span class='ocrx_word' id='word_1_212' title='bbox 1140 3769 1224 3872; x_wconf 77' lang='lat' dir='ltr'>jugu-</span> 
     </span>
     <span class='ocr_line' id='line_1_34' title="bbox 228 3868 1229 3990; baseline -0.01 -29"><span class='ocrx_word' id='word_1_213' title='bbox 228 3883 309 3961; x_wconf 79' lang='lat' dir='ltr'>lnut</span> <span class='ocrx_word' id='word_1_214' title='bbox 341 3875 454 3982; x_wconf 50' lang='lat' dir='ltr'>eurise</span> <span class='ocrx_word' id='word_1_215' title='bbox 481 3880 676 3990; x_wconf 58' lang='lat' dir='ltr'>pqriturus,</span> <span class='ocrx_word' id='word_1_216' title='bbox 705 3897 743 3958; x_wconf 89' lang='lat' dir='ltr'>ut</span> <span class='ocrx_word' id='word_1_217' title='bbox 768 3875 929 3962; x_wconf 74' lang='lat' dir='ltr'>curulirle</span> <span class='ocrx_word' id='word_1_218' title='bbox 956 3881 996 3970; x_wconf 71' lang='lat' dir='ltr'>uc</span> <span class='ocrx_word' id='word_1_219' title='bbox 1022 3881 1129 3960; x_wconf 88' lang='lat' dir='ltr'>ornni</span> <span class='ocrx_word' id='word_1_220' title='bbox 1148 3868 1229 3958; x_wconf 72' lang='lat' dir='ltr'>uilt-</span> 
     </span>
     <span class='ocr_line' id='line_1_35' title="bbox 230 3988 1225 4074; baseline -0.011 0"><span class='ocrx_word' id='word_1_221' title='bbox 230 3988 237 4016; x_wconf 74' lang='lat'><em>‘</em></span> <span class='ocrx_word' id='word_1_222' title='bbox 914 3999 920 4006; x_wconf 86' lang='lat'>&#39;</span> <span class='ocrx_word' id='word_1_223' title='bbox 1037 3990 1225 4074; x_wconf 85' lang='lat' dir='ltr'>mulatiene</span> 
     </span>
    </p>
   </div>
   <div class='ocr_carea' id='block_1_3' title="bbox 0 0 1365 4442">
    <p class='ocr_par' dir='ltr' id='par_1_5' title="bbox 0 0 1365 4442">
     <span class='ocr_line' id='line_1_36' title="bbox 0 0 1365 4442; baseline 0 0"><span class='ocrx_word' id='word_1_224' title='bbox 0 0 1365 4442; x_wconf 95' lang='lat' dir='ltr'> </span> 
     </span>
    </p>
   </div>
  </div>
 </body>
</html>
