2646 4448
3 109 16 202 l

202 135 282 277 «D.
310 131 364 240 Ε.
393 129 797 240 BERNARDI
842 132 1012 239 VITA.
1068 167 1135 276 47

9 309 20 359 '³
109 321 248 420 parum
281 337 468 422 congruas
502 311 734 421 decorasque
766 313 1061 422 exagitaverint‚
1097 310 1138 394 se

1 419 20 474 .:
110 449 249 530 parum
271 449 399 533 aequos
430 448 556 508 rerum
588 426 763 510 censores
795 421 1017 537 rigidosque
1042 421 1136 506 affe·

1 571 18 646 3·
107 534 238 618 sluum
260 534 531 637 humanorum,
555 534 628 622 five
652 538 827 636 sortium,
867 534 942 618 five
961 535 1137 620 infirmo-
1254 582 1268 594 ι

5 650 21 702 ³
110 671 210 748 rum,
227 643 602 760 arbitrospraeslant:
630 652 670 733 iu
695 646 834 760 quibus
858 674 943 731 cum
967 650 1047 759 ipse
1066 645 1136 732 fibi

108 786 175 868 per
186 760 307 843 vitam
317 761 610 872 consequentem
626 760 720 843 mire
736 761 1033 870 complacuisset,
1051 787 1135 844 non

110 869 175 972 est,
216 872 322 983 quod
353 873 543 986 quispiam
567 871 740 958 morosus
767 871 931 955 omninb
959 875 1136 959 crimine·

9 1026 11 1029 ·
110 1003 184 1067 tur.

164 1094 249 1202 Jam
262 1100 338 1180 hoc
354 1115 602 1208 nov0‚eoqu‘e
620 1093 1049 1198 Ecclesraslieo,munere
1065 1123 1135 1180 au-

0 1245 1 1265 l
105 1206 200 1308 elus,
229 1211 312 1316 poll
328 1213 476 1320 aliquot
500 1208 645 1292 menses
664 1214 770 1318 Juxta
784 1207 1010 1292 statutorum
1025 1208 1135 1293 Savi-

1 1335 18 1430 {1
87 1323 298 1402 lianorum
330 1350 519 1418 normam,
559 1317 1134 1431 aproselsronerlstronomiae,

4 1493 14 1530 τ
105 1459 223 1542 quam
244 1460 310 1540 per
336 1434 550 1516 oslodecim
579 1457 702 1516 anuos
728 1450 914 1530 tenuerat,
952 1437 1058 1514 laetus
1086 1435 1134 1514 li·

104 1542 272 1653 beasque
292 1543 418 1626 celsrt:
448 1547 489 1627 io
520 1549 623 1654 cujus
656 1548 780 1626 locum
807 1544 857 1626 ab
890 1544 1135 1629 illustrissimis

5 1679 17 1760 p
104 1655 340 1738 Elesloribus
373 1656 631 1768 cooptabatur
649 1653 888 1766 peritissimus
906 1662 946 1740 8(
973 1655 1134 1738 subtilis·

2 1792 13 1844 r
105 1765 188 1848 fimi
211 1770 360 1878 ingenii
395 1771 717 1871 Mathematicus,
756 1769 889 1850 David
908 1771 1134 1877 Gregorius,

3 1945 15 1958 ,,
103 1883 247 1981 scotus,
278 1907 398 1990 nuper
415 1881 632 1964 Matheseos
648 1881 689 1962 in
712 1882 915 1964 Academia
942 1877 1133 1965 Ediubur·

1 1994 14 2070 ξ·
104 1991 207 2104 gensi
226 1988 426 2074 Professor.

163 2105 273 2186 Circa
291 2131 437 2187 anuum
457 2106 730 2187 M.DC.XC.ll.
755 2101 960 2185 commode
983 2101 1133 2187 accide-

1 2162 12 2296 ἐς
107 2211 186 2313 bat,
218 2237 260 2297 ut
288 2215 478 2299 laudabile
498 2216 594 2299 istus
621 2216 762 2298 eaenar
791 2217 1001 2323 Catalogos
1024 2218 1134 2300 coar-

8 2397 11 2408 .
102 2355 192 2408 cum
222 2328 576 2438 Manuscriptorum
596 2330 635 2409 iu
662 2329 869 2410 Eodleiauzl
897 2325 1132 2436 privatisque

1 2436 13 2518 ³<
105 2439 373 2550 Collegiorurn
404 2441 650 2522 bibliothecis
681 2440 800 2519 hodie
824 2435 1047 2520 exstantium
1072 2443 1132 2521 in·

1 2565 6 2572 ”
103 2549 288 2654 stitutum,
325 2555 435 2650 olim,
471 2555 576 2660 quod
607 2547 808 2631 certissime
837 2549 936 2632 milri
969 2549 1129 2652 constat,
1209 2573 1210 2576 ‘

1 2706 3 2717 ·
105 2660 331 2773 susceptum¹
362 2664 424 2746 secl
449 2663 653 2746 infeliciter
667 2663 846 2770 sopitum,
868 2664 982 2770 inque
997 2663 1132 2770 primis

12 2811 13 2816 Ν
104 2776 233 2857 vitalis
266 2804 365 2858 aura>
402 2773 585 2858 lralitibus
617 2773 856 2872 castissimo,
894 2774 998 2880 apud
1020 2779 1132 2856 Oxo-

2 2929 10 2981 3.
103 2887 250 2970 aienses
280 2885 505 2970 reviviscere
531 2884 714 2994 coepifl'er,
744 2906 877 2994 utpote
906 2887 983 2992 jam
1004 2883 1132 2968 fausto

0 3054 5 3093 4
102 2996 219 3080 sidere
233 3023 377 3102 natum,
392 3003 431 3082 8(
446 2997 679 3081 felicioribus
691 2997 868 3106 auspiciis
879 2997 1130 3106 inchoatum

1 3159 10 3206 3
103 3112 208 3217 quod
230 3139 325 3193 curae
348 3117 398 3193 D.
425 3112 608 3193 bernardi
623 3106 874 3203 commillirm,
905 3111 1132 3192 &nominis

2 3250 10 3321 g,
104 3222 392 3305 austoramcnro
421 3224 630 3322 munitum,
669 3226 732 3302 ille
766 3218 923 3330 publico
952 3223 1135 3306 omnium

1 3376 10 3430 νς
102 3335 312 3432 literarum,
341 3339 380 3415 8(
408 3333 613 3444 prasertim
641 3336 739 3414 illius
764 3331 986 3430 Academiae,
1021 3333 1134 3415 bono

7 3531 11 3538 ,
103 3463 253 3545 uatus,
297 3447 431 3529 mediis
462 3449 549 3528 licet
590 3443 798 3558 angoribus
830 3472 880 3525 ex
914 3447 1060 3524 calculo
1090 3451 1132 3530 8(

2 3539 6 3616 s
103 3556 232 3668 pthifi,
247 3559 432 3640 medullas
452 3555 656 3667 vitalesque
670 3557 820 3665 spiritus
843 3555 973 3635 seusun
995 3553 1133 3663 depas-

1 3724 3 3772 ÷
103 3693 227 3765 cente,
258 3675 353 3752 ortis
372 3670 612 3770 constitutus,
645 3673 682 3750 iu
716 3669 764 3748 se
783 3667 1132 3751 consummandum

102 3783 258 3891 recepit.
318 3781 486 3893 Egregio
506 3782 594 3860 huic
611 3784 721 3888 operi
738 3780 969 3861 adornando
986 3781 1025 3858 8(
1047 3807 1132 3888 per·

105 3892 285 3997 sciendo,
317 3895 401 3978 Viri
432 3890 584 3976 nobiles
609 3897 647 3973 8(
666 3892 782 3993 dosii,
823 3918 890 4002 per
917 3892 1133 3974 universam

647 4008 687 4086 D
951 4007 1130 4112 Augliam
