2576 4464
276 231 350 306 ψη,
442 204 720 302 JoANle
766 206 1061 282 STRUMH

285 329 373 392 laabet
396 325 653 389 commendatione
672 347 763 400 mea,
784 342 882 389 tamen
896 347 944 388 me
966 326 1133 392 sollicitum
1153 325 1237 392 redd
1250 360 1269 381 r

285 405 571 487 rerumpublicarum
586 407 804 478 conversiones,
824 423 894 483 quae
908 403 1016 484 absque
1031 407 1240 485 periculis,&·
1273 439 1275 447 >

289 486 378 562 ‘taulis
400 481 456 546 else
479 504 540 546 ηοη
583 482 692 544 ollunt.
731 484 796 559 Ego
820 480 979 557 Aschmum
1002 504 1086 557 amo,
1108 481 1270 564 prepolleat

249 605 250 609 ι
290 561 427 642 quidem,
447 578 548 640 tamen
561 503 618 624 iot.
630 561 735 623 ordine
748 563 882 623 meorum
909 559 1099 622 confiliorum
1112 583 1203 623 amo:
1237 563 1269 622 ri·

292 643 396 712 mum,¹
427 639 478 699 uia
502 659 551 699 me
577 639 612 699 ab
636 657 672 700 eo
699 639 790 698 amari
812 637 918 714 sentio,
941 659 976 700 ex
987 637 1048 700 suis
1059 637 1096 706 ad
1109 660 1160 700 me
1235 641 1270 700 'o-

292 716 393 780 tillime
407 657 523 796 deriptis
533 717 635 780 literis.
655 715 765 777 deinde
778 714 817 777 ob
826 715 1049 778 similitudinem
1057 714 1268 789 studiorumut

292 815 355 858 non
377 795 472 857 solum
500 793 581 856 idem
605 794 684 875 apud
708 792 839 854 auilores
860 795 1046 872 intelligere,
1073 815 1183 856 vetum
1202 795 1267 856 idem

293 875 370 936 velle
395 871 559 934 videamur.
592 889 657 945 tum
697 889 795 950 ropter
815 869 987 946 dourinnn,
1007 892 1073 950 que
1086 874 1144 936 nist
1157 875 1267 935 unxina

289 949 372 1022 ellat,
393 948 454 1011 noti
478 948 565 1030 poliat
586 951 629 1011 ita
651 891 695 1012 ati
712 970 760 1010 me
783 948 918 1024 seribere,
935 967 972 1011 ut
981 949 1094 1012 scribit.
1133 948 1267 1014 Pontem

269 1047 270 1054 ¹
292 1029 385 1092 caulla
397 1026 458 1100 est,
480 1047 569 1106 quam
581 1043 616 1088 tu
627 1030 752 1091 maxime
774 1027 865 1088 facies
880 1074 888 1101 ,
902 1041 904 1046 ’
919 1047 975 1106 ego
996 1045 1120 1107 propter
1140 1027 1266 1094 adulandi

290 1109 488 1188 liaspicionem
502 1107 626 1183 primam
636 1125 744 1184 ponere
756 1125 818 1166 ηοη
828 1108 912 1184 potui
930 1131 938 1166 :
956 1106 1039 1184 regni
1051 1102 1142 1168 vestri
1156 1108 1269 1178 nufias,

293 1205 383 1264 quam
396 1204 457 1246 ηοη
476 1184 571 1246 solum
585 1183 620 1242 ad
633 1181 881 1256 commoditatem,
900 1203 1003 1245 verum
1017 1186 1106 1244 etiam
1126 1184 1163 1244 ad
1183 1185 1269 1262 digni·
1282 1249 1283 1254 γ

293 1281 384 1325 tatem
399 1263 503 1323 refero.
543 1261 621 1342 Nam
634 1263 675 1323 ita
685 1281 768 1321 catus
781 1259 822 1321 est
834 1262 939 1324 m'ultis
952 1258 1059 1323 nostris
1075 1261 1268 1342 Principibus,
1281 1263 1283 1334 i

294 1339 325 1402 &
340 1340 508 1402 civitatibus
522 1355 643 1420 propter
663 1337 883 1411 humanitatem,
902 1340 1086 1417 elegantiam,
1106 1337 1283 1416 dodanam}

294 1420 478 1498 suavitatem,
496 1437 566 1496 quas
593 1417 719 1480 virtutes
731 1416 807 1477 exse
820 1416 924 1477 habet:
944 1417 1051 1479 deinde
1076 1437 1130 1496 pro
1152 1427 1199 1481 te't
1210 1405 1284 1480 ami*

293 1517 399 1561 torum
412 1493 695 1569 commendationes,
711 1515 782 1572 quas
796 1493 861 1568 ejus
875 1496 969 1556 viatus
980 1497 1083 1558 merita
1097 1516 1113 1556 e
1143 1542 1151 1569 ,
1171 1497 1222 1572 ita,
1234 1499 1284 1560 in·

285 1587 288 1595 ’
297 1595 397 1654 quam,
410 1591 523 1712 pratus,
538 1574 567 1632 δι
590 1593 673 1654 catus
686 1571 735 1644 est,
748 1591 791 1660 “ut
803 1573 911 1711 ‘¹³53ss
932 1572 1075 1646 videatur,
1096 1578 1150 1652 qui
1164 1575 1199 1636 in
1217 1579 1285 1656 per-31

297 1655 397 1734 petuis
421 1669 444 1712 tt
457 1651 664 1727 legationibus.
678 1649 733 1710 'sed
745 1667 786 1710 tta
799 1651 836 1711 do
867 1671 915 1722 us,
936 1651 976 1711 ita
989 1647 1142 1726 studiosus,
1162 1653 1206 1714 ita
1217 1653 1285 1724 ido-3

296 1751 369 1794 neus
383 1731 418 1788 ad
439 1725 666 1810 literasnollras,
686 1745 722 1788 ut
734 1729 896 1809 optandum
911 1729 953 1802 sat,
972 1749 1041 1790 eum
1066 1747 1212 1808 perpetuo
1223 1727 1269 1792 elle

295 1813 329 1872 in
341 1807 449 1870 scholis
462 1805 627 1866 nouorum
651 1805 815 1867 hominum.
856 1809 893 1867 Et
906 1807 1044 1884 quoniam
1062 1805 1097 1866 ad
1117 1825 1286 1888 utrumque

297 1895 353 1964 per
363 1897 445 1962 aeque
467 1883 590 1946 idoneus
601 1881 660 1944 est:
681 1904 753 1962 rogo
769 1902 811 1955 te,
827 1903 862 1945 ut
876 1905 965 1964 quem
984 1887 1085 1946 locum
1098 1903 1166 1947 ante
1178 1879 1286 1948 habuit

297 1964 417 2028 duobus
426 1964 549 2038 Regibus,
556 1961 683 2022 eundem
700 1961 753 2022 hac
766 1968 869 2036 Regina
885 1965 1018 2024 retineat.
1034 2021 1036 2024 ,
1049 1965 1193 2056 quoniam
1202 1964 1271 2026 iden
1285 1977 1287 2040 g

295 2038 442 2116 Aschamus
466 2037 525 2111 est,
554 2043 605 2115 qui
631 2040 693 2100 fuit
714 2041 868 2100 excellenti
894 2039 1035 2113 doetrina,
1054 2043 1178 2117 ingenio
1205 2043 1287 2113 miti}

296 2119 456 2190 mansueto,
468 2119 636 2196 tranquillo,
650 2119 787 2177 omnium
802 2137 908 2190 amans,
928 2120 1002 2179 nulli
1019 2121 1170 2182 inimicus.
1200 2119 1271 2181 Vide
1286 2129 1287 2194 ξ

298 2214 405 2274 ¹quanta
419 2195 542 2260 scribam
562 2195 770 2268 sollicitudine,
789 2216 850 2255 non
862 2198 953 2275 cupio
971 2196 1069 2257 solum
1082 2217 1154 2261 eum
1165 2193 1272 2260 manere

297 2293 377 2345 eum,
404 2275 456 2350 qui
470 2273 548 2333 fuit:
569 2273 701 2351 &perte
716 2293 839 2342 manere,
859 2273 887 2334 δι
902 2273 1101 2336 commendari
1117 2280 1273 2355 Serem'ffiaa

298 2357 406 2426 Regina
421 2374 429 2410 :
446 2371 550 2411 vetum
563 2354 650 2410 etiam
662 2370 697 2411 ut
710 2351 864 2428 intelligat,
884 2372 978 2412 meam
991 2352 1273 2416 commendationem

297 2431 350 2497 fibi
374 2428 451 2506 a'pud
477 2445 507 2489 te
532 2425 680 2506 profuiise.
720 2428 817 2506 Cupio
829 2431 908 2490 enim
922 2432 950 2489 ei
963 2429 1153 2507 imprudenti,
1175 2432 1205 2492 δι
1220 2451 1273 2490 ηοη

270 2571 274 2580 ,
299 2508 444 2585 cogitanti
456 2505 555 2576 adesse,
578 2524 613 2566 ut
635 2527 675 2577 eo,
697 2505 761 2586 post
784 2527 831 2566 me
855 2524 931 2567 amet
956 2510 1059 2586 magis.
1098 2505 1274 2569 Nostienim

297 2586 373 2646 illud
392 2582 513 2661 Isocratis
532 2584 697 2656 consilium,
715 2585 796 2661 quod
822 2589 956 2642 Demonico
981 2585 1076 2656 dedit,
1108 2586 1184 2646 illud
1205 2585 1274 2646 milti

298 2664 379 2724 bono
392 2665 456 2731 erit,
483 2663 503 2723 sa
526 2659 669 2737 Ast-hamus
681 2663 857 2724 intellexerit
883 2662 964 2722 suam
977 2662 1099 2724 salutem
1113 2661 1186 2724 milti
1202 2683 1273 2724 cute

299 2743 334 2800 ad
348 2760 377 2802 te
393 2741 425 2800 in
438 2740 490 2802 hac
514 2739 656 2814 dignitate
681 2736 776 2805 fuisse.
816 2739 980 2800 Scriberem
1004 2742 1096 2820 plura,
1119 2741 1173 2800 nist
1197 2761 1274 2802 antea

301 2815 468 2897 scripstlltm
482 2816 518 2876 de
529 2817 592 2878 solo
602 2814 728 2893 Aschama
741 2836 788 2876 me
802 2813 926 2878 scribere
943 2842 949 2878 :
968 2817 996 2878 δι
1010 2839 1073 2878 ηοη
1082 2821 1155 2880 velle
1168 2837 1275 2897 rogare,

300 2915 336 2956 ut
349 2895 462 2971 cogites
485 2915 532 2955 me
558 2913 615 2954 tue
642 2885 794 2972 dignitdtit
819 2893 1052 2956 studiosissimum
1066 2893 1129 2968 elle,
1152 2894 1275 2956 &veliti

298 2973 673 3049 tegnisalutemquietem,
697 2973 930 3048 amplitudinem,
954 2993 1128 3052 magnopere
1137 2987 1274 3052 expetere.

300 3047 387 3124 Uale.
408 3055 591 3127 Argentttuti,
606 3049 701 3116 XVII.
716 3052 880 3126 Septembris,
905 3055 996 3116 Anno
1011 3051 1135 3114 Domini
1151 3070 1235 3127 ¹533·
1263 3063 1267 3076 ·

1096 3469 1269 3581 tiata.
