2646 4448
177 160 322 258 uu
350 158 754 260 aurulam
795 155 981 260 viru.
1031 201 1089 306 ¹7

4 377 15 426 2
74 317 261 422 stentem,
296 316 388 420 sibi,
428 320 557 404 saltem
589 322 711 404 vitam
741 319 924 406 eoelibem
945 324 1092 434 assuto,

4 487 14 538 f.
72 433 229 518 abunde
247 431 432 516 sufficere:
460 432 555 516 sein
575 433 882 518 Academiscum
897 433 1093 546 dignitate
1134 511 1136 514 ,

4 601 15 654 3
72 549 161 628 otio
175 546 419 655 potiturum:
447 540 685 655 negotiosam
701 546 822 628 vitam
833 544 986 632 fastidio
998 545 1097 634 esses

5 731 14 767 x,
73 658 118 740 in
147 657 221 739 hac
242 651 460 768 quietissimi
483 653 673 738 musarum
690 653 790 755 sede,
823 662 956 767 procul
980 662 1093 745 omns

7 801 16 879 ᾖ
74 769 239 851 tumultu
257 765 570 868 incommodisve,
594 793 674 877 quae
695 767 901 878 dignitates
915 771 1093 857 Ecclesia,

4 942 15 991 ἶ
76 879 173 964 slicae
193 878 316 962 secum
328 879 499 978 trahunt,
520 879 650 989 potius
666 878 732 960 hic
747 878 1093 966 consenescendum

2 1053 16 1104 ᾖ
77 986 179 1073 esse:
206 987 414 1098 certiusque
442 988 464 1070 ὲ
492 989 610 1072 literis
639 991 728 1072 vitae
754 987 944 1092 solatium,
976 1019 1094 1102 quam

3 1099 14 1188 ζ.
78 1101 233 1186 aliunde
251 1103 290 1184 in
310 1098 463 1182 urbibus
482 1099 626 1184 aulisve
642 1102 862 1213 Principum
877 1107 917 1185 δι
937 1103 1094 1212 Episco·

2 1209 13 1297 2
79 1240 241 1323 porum,
283 1212 501 1321 petendum.
567 1209 761 1311 Discessit,
797 1216 1026 1326 argumentis
1051 1217 1095 1302 in
1217 1259 1222 1273 ·

1 1318 13 1407 Ϊ
76 1330 153 1408 hac
169 1326 288 1407 amics
305 1326 558 1405 collocatione
574 1327 676 1406 ultro
694 1325 867 1434 citroque
881 1327 990 1408 omni
1005 1353 1094 1414 cum

1 1435 14 1514 ’,
77 1439 246 1546 ingenus
265 1433 436 1517 libertate
468 1437 621 1544 agitatis
649 1433 899 1546 discussisque,
919 1437 1098 1524 nondum

2 1546 14 1644 J.
77 1571 147 1630 aut
165 1549 221 1630 his
240 1570 304 1628 aut
324 1549 395 1629 illis
423 1546 554 1628 vissus.
612 1546 700 1628 Post
724 1545 900 1647 biduum,
928 1550 974 1629 ni
996 1554 1095 1634 male

1 1662 9 1742 ζ
80 1657 252 1751 memini,
279 1659 383 1768 apud
419 1655 455 1740 se
486 1653 690 1738 firmissime
711 1657 917 1757 statuebat,
961 1663 1096 1747 omnia

1 1772 9 1871 ff
80 1770 284 1851 eatnedrae
314 1767 580 1849 astronomica
622 1770 806 1880 dignitati
851 1768 1096 1878 postponere.

1 1951 13 1995 ,.
81 1879 125 1964 ld
151 1880 245 1963 serio
268 1882 414 1960 volenti
429 1881 549 1964 annui
568 1882 744 1988 quidem,
766 1906 834 1962 nec
850 1881 1012 1962 omnino
1035 1883 1097 1965 iu-

8 1993 13 2004 '
80 1994 204 2090 vitus,
245 1989 332 2072 cum
359 1989 425 2071 srbi
453 1990 531 2100 ipse
561 1987 782 2099 placuisset:
822 2017 936 2099 quem
965 1992 1097 2100 postea

1 2108 9 2119 '‘
80 2103 241 2213 neglesli
265 2098 410 2182 consilii
439 2098 521 2184 sero
546 2103 740 2207 poenituit.
796 2103 1098 2188 Commendatus

1 2215 4 2233 ”
81 2241 178 2324 ergo
198 2209 445 2294 illuslrissrnris
473 2216 589 2310 Viris,
627 2237 723 2320 quos
755 2217 804 2295 D.
824 2216 983 2296 Savilius
1012 2213 1100 2297 suo-⁴

82 2328 168 2408 ium
189 2327 413 2405 statutorum
433 2328 618 2405 Patronus
641 2328 681 2403 ὃ(
700 2323 932 2407 Protcslores
958 2326 1098 2408 consti-

1 2444 10 2524 ’ζ
83 2458 217 2532 tuerat,
245 2433 456 2544 quibusque
473 2433 560 2515 solis
580 2433 689 2515 istam
709 2430 936 2516 Professores
955 2440 1101 2544 eligen-

1 2554 2 2561 '
81 2549 125 2629 di
144 2549 363 2628 saculcatem
377 2568 591 2653 competere
602 2549 786 2641 voluerat,
798 2547 1007 2627 eorundem
1024 2546 1099 2630 sus·

1 2745 3 2777 ¹
84 2660 220 2767 fragia,
239 2662 277 2740 ὃ(
298 2659 477 2737 s'ucillimc
494 2654 667 2766 quidem,
696 2682 783 2736 curn
805 2683 920 2737 nemo
945 2663 1100 2741 aemulus

6 2778 9 2873 j
87 2765 342 2875 intercesserit,
380 2773 538 2876 adeptus
569 2771 659 2848 ests
695 2765 785 2868 Quo
819 2766 910 2850 vero
943 2768 1102 2852 haec-ab

88 2881 247 2976 Exteris,
277 2905 439 2986 quorum
464 2879 646 2986 praecipue
671 2877 711 2957 in
742 2880 904 2985 gratiam
928 2877 1102 2963 brevicu-

87 2996 170 3074 lum
191 2994 293 3071 hunc
309 2992 356 3071 de
369 2993 447 3070 virs
482 2994 531 3068 D.
552 2989 729 3069 Berunrdi
746 2994 1103 3075 commentariolum

89 3102 225 3186 Latine
246 3100 381 3202 scribo,
409 3103 535 3179 melius
562 3103 830 3207 intelligantur,
864 3128 942 3180 nou
970 3101 1037 3183 abs
1063 3131 1104 3186 re

89 3211 245 3295 sortasse
260 3213 502 3292 alienumerit
519 3209 745 3317 qnaedumde
757 3207 832 3290 islis
850 3215 1101 3297 Praeleclioni·

86 3327 160 3410 bus
171 3325 367 3406 Savilianis
383 3323 446 3402 hic
464 3321 668 3401 immiscere
680 3351 723 3399 :a
741 3322 878 3429 quibus
895 3322 1034 3419 saltem,
1049 3328 1103 3406 uti

1 3422 3 3544 ζ
91 3461 293 3547 quoquca
324 3432 576 3515 nostratibus.¹
616 3431 1105 3540 liaequum&rcsrumco·

1 3549 2 3570 ¹
91 3555 174 3632 lant
199 3566 414 3654 amensque,
441 3539 616 3653 digressio
641 3546 732 3642 hac,
762 3546 817 3624 uti
846 3543 966 3653 sper0,
995 3547 1107 3626 facile

1 3685 2 3760 j
89 3655 388 3743 condonabitur.

151 3772 222 3850 Vir
247 3770 435 3848 maximus
452 3769 491 3848 ὃ(
509 3767 682 3845 omniurn
702 3762 909 3843 seculorum
925 3768 1109 3847 memoria

95 3875 347 3993 dignissimus
387 3881 437 3961 D.
467 3878 863 4067 HenticusBSavilius,
904 3875 1110 3982 aJacobo‚

727 4012 744 4064 2
983 4014 1109 4093 primo
