2606 4454
245 218 898 306 Ensronasmcra.
997 250 1082 328 151
1212 233 1216 241 “

52 394 129 474 reio
149 386 247 499 misi·
317 381 526 500 &Equum
546 386 648 466 euim
667 383 719 494 est
735 404 781 468 ut
799 386 907 496 apud
921 389 1082 474 eundem

48 556 122 610 rae
141 521 378 638 defendam,
410 518 521 640 [apud
534 548 647 636 quem
662 521 856 605 immeriti
871 529 1079 638 accusatus

35 663 161 772 sum.
231 657 393 770 Amstel.
421 663 560 765 1634.

107 952 651 1056 CONSTANTINO
689 958 1025 1058 HUGENIO.

62 1247 64 1252 ·
199 1243 248 1300 on
266 1216 316 1318 ell
332 1212 504 1326 neceffe,
548 1231 593 1297 ut
610 1243 670 1296 me
691 1215 868 1326 pluribus
889 1214 938 1310 ὠ
956 1221 1076 1314 anxii

235 1353 464 1465 defendam,
499 1351 739 1456 nobiliffime,
767 1354 1075 1473 dilebbiffimeqnc

59 1491 242 1603 Hugeni.
312 1486 409 1575 Non
432 1495 654 1605 conquiram
670 1489 875 1604 ambages,
904 1516 977 1579 aut
1005 1496 1072 1581 So-

52 1626 291 1738 phismata,
325 1627 464 1744 quibua
483 1654 543 1710 me
557 1626 772 1737 expediam.
841 1632 927 1715 Pro
942 1661 999 1717 me
1019 1635 1074 1718 lo-

61 1782 214 1880 quatur
230 1769 486 1880 Epigramma
506 1791 661 1854 meum,
698 1759 747 1854 ln
774 1770 967 1878 resplana
986 1776 1074 1856 erit.

63 1902 206 2017 Perflo
227 1904 496 2012 insententia.
546 1900 714 1986 Pilatus
722 1903 828 2011 soem.
862 1908 1074 2020 quodfcri-

54 2031 287 2154 pss,scripfi.
322 2039 521 2149 Nonsum
536 2037 1078 2160 lapsmmoncesoitavmsed

61 2175 288 2286 recloslant
309 2184 485 2261 carmina
503 2174 597 2258 talo·
633 2174 766 2260 Multo
784 2185 913 2264 minue
931 2184 1071 2267 dormi·

61 2317 159 2394 tavi
167 2363 180 2404 ,
217 2345 303 2399 cum
319 2314 392 2423 ista
397 2315 634 2421 scriberem,
653 2312 748 2397 licet
763 2313 973 2403 humanum
983 2321 1070 2411 hoc,

62 2474 131 2530 uec
147 2448 174 2534 ei
189 2482 251 2536 me
276 2453 445 2535 alienam
464 2450 536 2561 effe
550 2469 700 2563 putem.
770 2451 1070 2563 Scrrpstficmmo

63 2587 200 2680 mani,
226 2593 311 2703 post
326 2589 481 2703 longam
498 2588 785 2679 dormitionem,
819 2619 891 2704 qno
904 2612 1070 2707 tempore

61 2725 166 2810 nibil
181 2733 332 2816 minus,
352 2754 468 2841 quam
490 2725 723 2813 dormitare,
731 2727 863 2834 solent
882 2729 1064 2814 bomiaes.

66 2859 234 2947 Nullam
250 2863 318 2947 bic
342 2861 502 2976 agnosco
526 2863 729 2944 licentiam
755 2882 828 2946 ant
857 2866 1065 2954 audaciam

66 2997 284 3084 Paiticam.
356 2997 484 3086 Nibil
516 2992 539 3106 (
549 2997 601 3080 da
618 3003 777 3082 veniam
777 3002 823 3108 ſs
833 3003 931 3086 mibi
939 3004 1064 3112 Seeffie-

69 3162 135 3218 mu
149 3138 326 3254 videar)
351 3135 492 3246 fWPfi
502 3165 571 3218 con
591 3135 711 3219 ultius
728 3136 1064 3258 deliberatiusque.

63 3271 175 3358 Volui
191 3303 259 3388 ego
277 3277 347 3361 boc
368 3275 663 3386 Epigrammate
674 3274 899 3387 Principem
915 3281 1065 3366 Auria.

62 3436 147 3495 enm
165 3418 270 3497 tueri
286 3413 474 3521 adversus
501 3437 575 3492 non
591 3406 722 3514 solum
741 3413 853 3526 uulgi
871 3409 919 3505 dr
945 3421 1064 3500 male.

6 3603 11 3620 ·
51 3547 164 3652 scena
175 3548 386 3668 plebecula
404 3547 427 3640 ,³
451 3541 602 3672 sed&
631 3545 886 3632 cordatiorom
905 3582 1065 3670 quorum

628 3684 670 3766 K
706 3707 740 3789 4
975 3694 1067 3779 dam
