2644 4466
260 187 355 332 '90
399 203 1226 326 iioou'uils‘ouiuiumsurnu.
1290 221 1309 254 ”‘

224 384 240 408 ⁸
305 353 396 422 'mone
416 361 481 434 eius
503 359 611 420 elicere
632 358 792 438 potuerim,
812 358 843 418 in
857 357 957 420 animo
970 357 1084 433 habere,
1102 376 1138 421 ut
1148 355 1278 426 liberille

305 433 439 506 excussus
463 440 496 498 in
514 439 566 498 vul
611 453 802 574 sappareret.
844 435 875 496 si
895 435 944 497 hic
964 437 1039 498 liber
1057 450 1144 518 operit
1165 455 1222 516 tue,
1245 444 1274 502 in

305 509 564 594 lucem&conspe
679 516 813 576 ominum
848 511 945 575 todire
956 513 1066 592 potest;
1088 517 1274 580 eiresunul

243 653 256 664 ,
305 592 472 672 preclarum
495 592 621 667 laudem,
646 594 675 654 δι
688 533 851 654 Reverendi
863 594 954 671 patris
973 593 1092 655 nomini
1117 595 1273 658 immortale

305 671 407 746 decus,
431 673 460 734 ἃ
483 668 653 732 Christiane
677 671 817 748 religioni
836 671 919 730 omni
937 673 1114 734 immensum
1136 673 1273 754 quendam

303 749 438 814 fructum
464 751 492 814 δι
521 753 756 811 emolumentum
786 747 945 825 aliquando
970 747 1010 809 ell
1034 752 1168 829 perituri.
1210 768 1272 814 cum

304 832 367 895 tim
389 831 476 906 pauci
498 826 568 888 sunt
590 848 626 890 ex
648 828 807 898 veteribus,
827 827 880 904 qui
893 845 943 888 eos
955 827 1045 889 libros
1058 819 1123 904 fuse
1155 829 1272 907 lantque

304 908 451 985 explicare
473 905 621 968 videntur.
660 903 691 966 si
715 924 823 964 munus
845 903 985 984 praesandi
1000 849 1154 967 ineoslib¹

303 982 490 1064 imposueris,
508 1005 571 1046 non
596 1003 681 1056 onus,
699 981 748 1043 scd
771 979 913 1042 honorem
933 984 1087 1046 eximium.
1101 985 1176 1045 milri
1203 1001 1274 1047 ettu·

303 1063 383 1125 leuis,
424 1063 525 1139 Quam
539 1081 655 1151 operam
669 1061 809 1136 libentius
821 1059 1007 1138 susciperem,
1026 1078 1062 1124 ut
1079 1062 1188 1124 rudiori
1201 1063 1273 1136 libri,

303 1141 405 1205 nescio
419 1143 504 1218 cujus
515 1145 652 1218 Pajquidi,
671 1138 869 1217 respondeam,
909 1141 942 1200 ui
953 1145 1057 1218 preter
1069 1141 1138 1202 alias
1152 1144 1272 1204 maculis

302 1219 480 1298 gravissimas
502 1215 619 1280 no'mini
637 1215 877 1278 Reverendilfimi
925 1219 995 1280 atris
1016 1217 1145 1357 aspersas,
1174 1219 1273 1282 tn'buit

303 1299 343 1372 ei,
362 1300 453 1360 etinm
469 1298 500 1356 in
513 1297 642 1374 Dialogo
653 1293 789 1373 quodam,
801 1293 953 1373 personam
966 1295 1038 1356 indo
1069 1295 1195 1359 issimi&
1214 1299 1272 1359 bar-

302 1363 440 1450 birissuni
462 1371 689 1450 Quaelsioriiliae.
725 1391 795 1434 cum
818 1391 874 1450 ego
898 1389 997 1434 tamen
1018 1377 1163 1450 noverim,
1191 1375 1270 1436 illum

302 1452 403 1514 omnis
428 1455 579 1531 elegantiae
609 1451 638 1514 δι
666 1471 746 1531 pure
777 1449 915 1512 dictionis
946 1468 1105 1514 amatorem
1157 1447 1271 1532 raecipu·

302 1549 366 1606 um,
398 1531 543 1608 adquam
569 1549 632 1590 rem
655 1527 883 1608 perpoliendim,
908 1547 968 1588 non
986 1549 1033 1590 me
1058 1471 1156 1592 semes
1175 1531 1271 1593 erbor-

212 1659 213 1663 ,
301 1617 380 1670 tatus
393 1607 442 1670 est.
482 1607 668 1684 Huiusmodi
680 1607 838 1668 hominum
847 1605 1070 1669 obtreslrtiones
1083 1607 1198 1671 silentio
1209 1629 1270 1690 pru·

302 1685 466 1750 dentilsime
492 1688 701 1758 obruerentui·;
731 1681 825 1745 sinon
848 1684 1040 1746 immoderate
1062 1688 1153 1747 nimis
1177 1707 1269 1767 proci·

232 1777 236 1786 ’
301 1767 392 1826 citare
421 1766 529 1842 lingue
560 1761 768 1826 abuterentur:
805 1761 851 1822 De
881 1765 1099 1825 commentariis
1131 1765 1270 1826 Reveren-

303 1841 409 1904 dilsimi
423 1842 517 1904 Patris
536 1844 568 1902 in
582 1843 680 1902 lucem
693 1837 881 1918 divulgandis
895 1843 1016 1920 plurimi
1030 1841 1079 1902 hic
1089 1841 1179 1918 idem,
1197 1840 1269 1923 quod

301 1939 370 2000 ego,
397 1921 529 1982 sentiunt
550 1919 639 1982 ficiis
661 1937 767 1992 tamen,
788 1916 1006 1996 prudentissime
1029 1920 1085 1994 vir,
1115 1919 1197 2000 quod
1217 1921 1268 1981 cibi

300 1995 355 2060 hac
370 2000 401 2058 in
415 2018 446 2058 re
459 1995 702 2058 consultissimum
714 1997 815 2057 flierit,
856 1993 886 2056 si
900 1995 937 2056 de
949 1997 1082 2058 universi
1096 1996 1199 2058 herum
1210 2000 1269 2060 lite·

300 2097 401 2138 rarum
407 2074 528 2148 ratione,
534 2096 605 2136 cum
611 2077 742 2158 primum
753 2075 955 2154 opportunitas
965 2075 1105 2137 tabellarii
1116 2077 1210 2137 oblata
1219 2077 1268 2136 tibi

300 2150 404 2226 fuerit,
422 2151 495 2232 quid
509 2153 623 2225 sentias,
643 2154 739 2214 tribus
752 2152 850 2212 verbis
863 2149 1045 2226 significires,
1071 2153 1209 2232 singulari
1221 2153 1270 2215 liu·

250 2261 268 2300 ο
300 2231 502 2294 minitatituae
512 2230 570 2295 hoc
583 2229 652 2293 esset
663 2229 865 2294 tribuendum.
884 2215 968 2292 Vale.

1149 927 1195 969 ros
1205 907 1273 970 milii

611 2490 817 2566 eursu.
845 2491 979 2570 xviii.
1063 2577 1067 2583 ,

454 2639 518 2742 D.
557 2639 805 2780 Joiuui
838 2645 1112 2750 Surouo.

397 2853 483 2916 UID
507 2852 641 2930 scribam,
658 2875 810 2934 nunquam
834 2857 909 2917 milii
932 2855 1023 2920 deesse
1045 2857 1140 2940 potest
1158 2860 1271 2942 quoties

413 2931 447 2991 od
460 2937 580 2989 Sitonum
593 2933 697 2994 scribo.
739 2935 833 3011 Quod
846 2937 910 2996 sine
922 2939 1048 3000 libenter
1060 2939 1175 3019 seiuper
1188 2943 1271 3015 ficio,

299 3028 453 3090 nunquam
478 3027 574 3069 tamen
598 3011 740 3072 libentius
753 3033 839 3089 quim
858 3015 914 3074 hoc
927 3033 1065 3093 tempore.
1098 3037 1171 3078 cum
1182 3021 1271 3080 me&

298 3107 364 3148 mea
376 3090 478 3168 sponte
490 3105 656 3148 currentem
666 3087 853 3152 vehementer
865 3093 899 3152 ad
911 3093 941 3152 id
956 3095 1090 3154 incitavit
1102 3097 1193 3158 etiem
1200 3101 1272 3154 War-

291 3162 371 3239 soiius
393 3163 496 3226 noster.
536 3166 613 3227 Ecce
636 3167 879 3228 TliimasTliearus
899 3188 969 3231 tuus
992 3172 1155 3250 discipulus
1174 3173 1271 3244 estad

298 3244 385 3317 cujus
400 3245 441 3304 rei
453 3241 601 3314 effectum,
620 3243 747 3306 mirifice
761 3248 877 3324 singuli,
895 3247 945 3310 sed
959 3247 1135 3326 potissimum
1149 3254 1272 3310 Thoaris

298 3321 329 3380 dc
346 3325 470 3395 Miidaeus,
488 3321 517 3380 δι
544 3319 574 3380 id
595 3339 643 3381 tui
658 3321 747 3384 caussa
768 3328 958 3387 elaborarunt.
1000 3328 1068 3404 Qun
1082 3330 1115 3388 in
1129 3349 1171 3404 rc,
1190 3331 1272 3406 quic·

297 3398 373 3475 quid
395 3420 451 3478 ego
475 3398 542 3469 feci,
574 3400 750 3462 abundantia
775 3407 882 3464 amoris
907 3426 973 3482 erga
997 3406 1118 3478 refeci,
1149 3409 1180 3470 δι
1198 3406 1272 3469 illud

297 3487 396 3538 totum
411 3477 555 3554 quicquid
569 3479 637 3551 suit,
658 3480 873 3560 &jampridem
896 3482 987 3542 debeo
1008 3483 1076 3556 tibi,
1095 3486 1124 3546 bc
1147 3487 1271 3563 pluteo,

298 3553 400 3616 siusus
414 3555 448 3616 ad
463 3555 493 3614 id
507 3575 637 3633 unquam
657 3559 766 3619 tulerit.
806 3559 852 3618 De
866 3564 999 3618 Griiidadi
1012 3582 1085 3635 ineo,
1106 3563 1143 3622 de
1164 3586 1222 3643 qua
1241 3583 1271 3624 re

297 3653 415 3694 mecum
440 3633 551 3711 aliquid
573 3635 606 3693 B.
633 3634 738 3707 n'osler,
769 3634 955 3698 stomncliarri
979 3641 1036 3698 tibi
1060 3662 1119 3700 non
1136 3641 1271 3717 possum,

296 3710 349 3776 tui
375 3711 489 3789 aliquid
514 3725 595 3776 certo
617 3709 688 3788 scio,
717 3713 875 3788 tribuisses,
903 3718 923 3780 si
949 3716 1061 3793 aliquid
1083 3720 1141 3781 tibi
1164 3738 1270 3799 rogim

1203 3817 1270 3860 mco
