2646 4448
179 185 243 282 D.
271 164 997 276 EBERNARDIVITA.
1036 205 1101 311 ας

82 357 212 424 autem
239 338 369 420 melius
395 341 435 420 ὃ(
466 333 748 443 potentioribus
774 339 1008 444 argumentis
1023 339 1104 426 hoe

81 451 178 534 effici
197 447 299 560 polie
308 445 603 560 persuaderetur,
633 451 682 530 D.
695 449 901 530 nemaruus
919 469 1008 530 ante
1027 447 1101 548 sus·

83 589 241 672 ceptum
263 564 334 644 iter
352 562 556 654 Gallicum,
586 557 635 640 de
660 584 748 667 quo.
759 583 851 640 mor
880 559 1105 665 dicendum,

82 669 1104 784 quantumqueconrmodiincommuneliterarumbo-

86 812 181 867 num
209 814 255 866 ex
282 782 467 894 ejusmodi
486 781 599 862 novis
619 779 854 870 editionibus
885 782 1102 892 exspetan-

86 898 181 979 dum
193 891 294 995 elset,
306 892 532 994 ostensurus,
542 889 737 976 thetidem
749 889 909 1001 suscepit
919 895 1105 982 illustran-

87 1003 1104 1117 dum,praenobilispecimineinfoli0,ntdicitnr,edi·

89 1129 147 1218 ro,
181 1121 221 1200 in
253 1144 332 1227 quo
346 1123 496 1199 Graecus
511 1135 646 1213 textus,
671 1119 776 1196 &ex
792 1115 952 1198 adverso
967 1122 1103 1208 [atina

87 1230 211 1312 verfio
226 1262 304 1312 cum
320 1229 440 1310 Procli
458 1229 717 1322 commentario,
738 1228 867 1308 Graece
886 1230 934 1314 8<
955 1232 1103 1334 Latine,

89 1367 167 1422 uua
189 1368 275 1423 cum
292 1336 508 1422 dodisiimis
522 1332 682 1419 Sc‘holiis
702 1341 978 1439 &corollaria
1006 1341 1103 1455 fign-

90 1478 293 1561 rarumque
320 1446 639 1533 delineationibus
667 1451 834 1531 accruase
864 1449 1106 1555 exhibentur,

92 1565 169 1645 hoc
188 1565 308 1645 modo
334 1561 581 1643 studiosorum
601 1560 749 1642 animos
767 1589 790 1640 a
810 1565 1106 1670 compendiariis

89 1673 424 1771 elucidationiburl,
446 1697 526 1781 quae
546 1698 625 1752 non
646 1669 788 1779 semper
801 1671 1024 1758 sabuliffimi
1043 1681 1105 1759 In-

92 1787 261 1867 ventoris
282 1806 464 1866 ‘mentem
510 1779 738 1891 scopnmque
777 1781 872 1865 bene
891 1790 1098 1894 explicant,

92 1900 246 2004 (omues
265 1897 367 1978 euim
397 1895 476 1976 suni
498 1895 690 1976 Euclidem
712 1893 747 1974 se
775 1893 848 1975 suis
873 1901 999 1980 verbis
1026 1925 1104 1981 me·

94 2010 167 2089 lius
184 2009 459 2114 explicaturum
474 2002 701 2111 censebunt)
729 2030 807 2113 qno
818 2008 989 2091 meliores
1000 2017 1106 2094 Geo-

96 2139 221 2200 metrae
248 2119 462 2215 evaderent,
488 2115 691 2196 aversurus.
749 2121 878 2199 Tanto
898 2118 944 2200 de
971 2123 1106 2231 juven·

96 2251 176 2311 tute
202 2229 423 2312 Academici
454 2229 665 2336 pariterue
696 2225 744 2308 de
775 2230 930 2310 mathefi
959 2234 1106 2342 optime

94 2339 268 2423 merendi
298 2339 478 2420 defiderio
503 2334 674 2435 ardebat,
702 2359 744 2418 nt
761 2340 893 2422 omnia
917 2343 1108 2454 diagram-

95 2473 211 2553 mata,
242 2479 319 2560 quae
338 2453 379 2531 iu
398 2451 520 2530 isthoc
535 2475 651 2556 opere
670 2472 879 2549 occurrunt,
901 2449 968 2534 sno
982 2457 1108 2564 sump.

94 2584 133 2644 tu
150 2566 211 2644 aeri
232 2567 419 2643 curaverit
434 2560 624 2668 eleganter
641 2557 772 2644 incidi.
813 2567 869 2644 Ut
881 2563 971 2644 verb
989 2563 1107 2648 scien·

92 2677 187 2755 tiam
206 2672 506 2755 Astronomicam
528 2700 575 2753 ex
593 2671 762 2753 dodrina
779 2678 970 2770 Veterum,
1009 2703 1105 2786 quor

96 2791 238 2868 Gracia
252 2783 504 2865 celebravit&
518 2785 649 2864 mirata
662 2783 727 2880 est,
747 2809 793 2864 ue
805 2783 1106 2892 proleffionisuae

95 2893 218 2979 deeli'e
249 2897 450 2994 videretur,
484 2897 616 2976 melius
633 2895 839 2995 illustraret,
863 2897 1110 3009 parvamSyn·

95 3013 206 3089 taxin
220 3007 526 3106 Alexandrinam,
535 3007 783 3088 communiter
798 3005 917 3107 Mla&
930 3013 1107 3109 Argyripae

96 3119 249 3214 distem,
290 3122 329 3198 in
367 3145 440 3228 qua
471 3139 601 3226 praeter
628 3118 834 3217 Euclidem,
878 3122 1108 3223 Theodofii,

97 3231 293 3336 Autolyci,
323 3232 499 3326 Menelai,
517 3225 730 3326 Aristarchi,
752 3233 791 3310 ὃ(
807 3227 978 3336 Hipsrclis
994 3234 1110 3341 opus-

97 3343 183 3421 cula
202 3342 457 3440 continentur,
485 3340 672 3426 edendam
689 3337 872 3449 suscepit:
904 3365 944 3423 ut
962 3347 1110 3450 pridem

97 3454 250 3535 monuit
269 3457 318 3532 D.
340 3452 543 3534 Edwardus
559 3449 793 3533 Sherbornus
812 3457 932 3559 Eques
949 3457 989 3534 iu
1008 3480 1111 3537 cata-

94 3569 192 3671 logo
212 3561 280 3643 suo
296 3567 432 3644 veteris
455 3568 493 3645 8(
510 3561 692 3672 sequioris
708 3566 778 3645 aevi
791 3563 1109 3651 Astrouomorum

94 3679 144 3758 ad
160 3677 301 3756 calcem
322 3677 483 3772 Manilii,
511 3672 618 3756 versu
635 3677 852 3782 Anglicauo
875 3675 984 3778 editi,
1020 3705 1107 3788 pag.

101 3813 190 3893 115.
232 3789 392 3868 Utinam
430 3782 786 3895 rerb'perfecilietl
843 3787 974 3870 Edidit
1012 3817 1111 3898 quo-

97 3925 168 4012 qne
191 3899 330 4022 eodem
359 3901 532 4010 tempore
557 3896 930 3986 consummatiffimus
960 3903 1112 3983 Mathe·

82 4029 120 4062 ν’*
324 4025 328 4032 ’
444 4045 449 4055 “
562 4019 563 4023 '
625 4021 628 4028 ’
695 4016 700 4031 “
953 4013 1112 4098 maticut
