2644 4466
221 237 425 330 ‘Linon
473 239 775 317 sucurtous.
958 222 1040 340 ’στ’

64 357 122 422 o'am
137 375 218 422 tuam
239 359 440 438 colligendam
463 357 641 442 muniebam,
659 361 781 441 eandem
793 355 884 439 ipsam
896 361 930 422 ad
944 353 1017 424 non·⁴

8 437 13 452 '
62 439 261 500 nullamauimi
285 441 332 499 tui
355 436 599 498 offensiunculam
620 437 781 499 faciendam
795 440 962 516 perducere.
980 441 1017 501 ad

61 535 170 577 omnem
193 515 306 576 sensum
335 515 453 576 doloris
485 515 572 592 longe
602 515 678 577 mihi
708 515 915 593 acerbissimum
946 519 1016 590 fuit.

63 593 193 654 Putabam
203 595 279 654 enirn
298 611 355 674 ego
368 612 525 670 nunquam
535 593 599 653 fore
612 593 667 654 hos
685 596 920 670 commentarios,
939 615 1017 674 quoa

65 688 99 730 ex
110 671 204 750 Basilia,
225 678 346 745 Gregorio,
369 673 400 732 δι
414 690 552 748 magnam
565 687 675 745 partem
687 692 722 733 ex
735 671 910 754 Ghrvfiisttnrq,
923 674 1015 750 ¹quali

67 746 151 808 horto
169 747 313 826 purillimo,
340 749 370 810 dc
395 751 481 808 muni
505 749 600 808 cicuta
621 769 654 808 ae
675 752 771 811 noxiis
794 749 893 812 herbit
910 771 1015 824 vacuo,

69 831 225 882 onamm'as
241 827 407 905 collegeram
427 828 496 905 plus
509 827 614 886 veneni
636 827 665 886 δι
679 827 892 906 presentiorem
942 825 1014 904 stem

72 899 105 961 ad
115 902 224 964 exitium
235 905 474 984 comparandum
489 922 575 982 quam
584 902 665 963 succi
675 906 783 982 integri
797 923 882 982 atque
905 907 1015 968 alubri-

70 980 173 1040 tatisad
183 981 298 1042 salutem
311 981 539 1042 conservandam
549 979 627 1059 polle
639 985 799 1043 continete.
823 982 897 1044 Haec
909 1003 953 1044 res
964 1004 1013 1044 me
1037 1053 1042 1066 ι

69 1054 175 1118 donum
193 1056 347 1138 regressum
359 1062 391 1120 in
403 1061 499 1120 varies
510 1057 712 1136 cogitationes,
728 1062 756 1120 dt
770 1061 910 1122 anxiferas
922 1064 1013 1124 animi

67 1141 240 1215 comitque
263 1137 477 1198 sollicitudines
499 1135 640 1198 distraxit.
666 1139 697 1198 δι
708 1157 743 1196 eo
761 1157 810 1196 me
821 1139 936 1216 gravius
949 1157 1014 1218 pre-

63 1212 154 1286 mebat,
181 1233 241 1293 quo
263 1216 375 1275 nullam
397 1215 463 1288 cius
483 1231 595 1294 partem
618 1215 665 1273 vel
690 1215 804 1274 intimis
822 1217 894 1275 meis
907 1216 1016 1295 impar·

62 1289 172 1352 t'iebam:
199 1292 248 1352 sed
270 1311 333 1352 eam
356 1309 453 1353 totam
477 1289 552 1352 mihi
578 1289 629 1369 ipsi
655 1295 754 1352 animo
780 1311 846 1352 meo
872 1293 1012 1354 inclusam

60 1368 188 1429 terrebam:
228 1371 267 1431 Et
284 1389 351 1430 cum
365 1367 415 1430 issa
438 1389 488 1436 nae
500 1368 553 1429 diu
567 1371 692 1430 anxietas
704 1367 833 1442 torsisset,
852 1386 908 1428 nec
923 1369 1016 1446 longo

61 1461 113 1506 tun
163 1467 180 1507 e
206 1447 243 1506 ab
267 1467 298 1506 ea
322 1449 532 1527 cogitationem
555 1462 650 1506 meam
677 1447 819 1507 abducere
845 1445 1016 1524 potuissemt

59 1539 103 1584 tan
180 1523 209 1583 id
229 1527 264 1584 in'
274 1543 400 1585 mentem
412 1545 508 1586 meam
523 1525 620 1597 venit,
633 1523 713 1602 quod
733 1545 768 1585 ex
782 1525 881 1585 animo
894 1543 1014 1584 omnem

60 1599 125 1660 hanc
146 1599 219 1662 mihi
242 1603 445 1680 egritudinem
467 1601 624 1673 adimebat,
646 1603 674 1662 δι
697 1604 855 1664 voluntatis
876 1619 934 1662 tue
953 1621 1014 1662 non

62 1679 251 1740 ullunfadiatn
264 1682 468 1754 mutationem,
479 1679 529 1739 sed
541 1677 684 1742 illustrem
697 1699 729 1739 ac
742 1679 870 1741 testatam
882 1679 1014 1756 ejusdem

8 1819 10 1844 Ι
62 1755 282 1834 significationem
295 1757 471 1820 ostendebat.
497 1759 576 1818 Nam
588 1756 657 1816 hinc
670 1757 756 1817 facile
768 1757 898 1895 perll'pexi
912 1774 1016 1836 graves

64 1833 553 1913 &prodentesvironnonnunquam
564 1853 638 1895 nutu
650 1834 812 1896 &obscuris
832 1837 1015 1914 ignis,impe·

63 1914 174 1973 ntorum
183 1913 348 1987 hominum,
359 1915 389 1973 &
402 1931 501 1974 rerum
513 1913 703 1972 insolentium
712 1933 822 1974 errores
835 1914 1014 1992 redarguere.

61 1987 192 2051 censebat
208 1995 283 2052 enirn
301 1991 462 2071 prodentia
478 2007 527 2051 tua
539 2010 602 2062 earn
615 1990 824 2066 cogitationem
836 1988 924 2051 ssulte
938 2012 951 2048 a
965 2009 1014 2049 me
1080 1989 1083 1996 ’

63 2063 116 2126 effe
137 2066 295 2148 susceptam,
324 2087 361 2130 ut
386 2070 506 2129 anteiri
527 2083 587 2127 tarn
609 2067 694 2142 rebus
720 2069 855 2145 gravibus
880 2067 1014 2128 vertendi

63 2163 165 2206 munus
184 2161 359 2222 attentarem,
386 2165 477 2222 quam
500 2148 531 2206 in
550 2144 614 2205 aliia
637 2143 722 2205 relius
731 2149 777 2208 vel
788 2147 930 2206 momenti
941 2147 1015 2204 levi-r

63 2222 124 2295 orit,
153 2225 198 2283 vel
215 2227 339 2304 periculi
359 2224 494 2295 minoris,
523 2223 599 2282 vires
618 2223 649 2282 in
671 2221 731 2281 enii
754 2225 812 2284 mei
832 2225 1015 2302 ‘periclitatus

8 2357 9 2364 ,
64 2295 146 2360 essem.
183 2301 255 2362 Cum
270 2306 369 2383 igitur
381 2301 549 2362 Dominatio
561 2317 622 2372 tna,
653 2298 746 2376 aquid
759 2321 814 2377 ego
836 2302 932 2373 video,
951 2321 1014 2360 non

8 2397 9 2438 1
63 2391 112 2436 tam
128 2379 219 2440 ullum
232 2381 346 2441 fretum
373 2399 475 2439 meum
499 2377 723 2456 reprehenderit,
749 2398 836 2455 quam
862 2378 1015 2456 quomodo

8 2491 9 2506 r
65 2455 123 2532 quid
135 2475 148 2515 a
160 2477 204 2518 mc
215 2457 249 2519 lit
261 2452 622 2520 faciendumostendetitt
642 2453 677 2514 ad
690 2454 831 2532 hocgtave
851 2456 1014 2531 consilium,
1036 2525 1040 2534 ¹

8 2531 9 2604 Τ
63 2532 227 2614 pruinisque
240 2535 398 2598 monitum
411 2553 505 2608 tuum,
518 2553 618 2594 omnes
628 2533 762 2610 protinus
774 2533 935 2592 studiorum
953 2551 1015 2596 me·¹

8 2615 9 2626 ¹
63 2627 136 2670 erum
158 2617 285 2675 rationes
313 2607 578 2672 accommodabam.
617 2610 721 2670 Statim
746 2612 827 2670 enim
854 2612 885 2668 in
910 2629 1015 2668 manue

8 2691 9 2694 ’
63 2683 152 2768 sumpsi
171 2691 302 2768 Sophoclis
316 2683 492 2761 philacteria,
522 2708 585 2768 quae
598 2685 737 2765 tragoedia
762 2687 796 2746 ad
811 2689 1015 2757 imitationem,

62 2781 186 2840 quantum
205 2771 305 2848 potui,
337 2773 432 2824 Senecae
451 2765 538 2840 versa,
560 2767 598 2826 ·&
615 2761 743 2826 versibus
763 2764 871 2825 eisdem
895 2766 1017 2822 lambini

65 2847 257 2920 atquechoricis
278 2845 348 2906 fere
369 2843 517 2913 omnibus,
538 2843 644 2919 quibus
656 2841 725 2902 usus
747 2841 787 2904 est
799 2844 933 2920 Sophocles,
951 2841 1015 2901 retl-

66 2917 121 2990 tin,
147 2924 176 2983 in
199 2942 255 2985 tuo
279 2925 407 2984 nomine
420 2920 575 2998 divulgata
598 2921 754 3000 apparebit.
778 2920 830 2979 nili
853 2921 923 2981 huic
947 2939 1016 2978 meo

67 3002 191 3076 pmposrto
222 3000 452 3062 Dominationis
483 3016 541 3060 tuae
571 2997 712 3058 sententia
766 3000 837 3057 alam
872 2996 1016 3057 adversata

66 3073 146 3137 fuerit.
183 3080 258 3156 Quo
282 3077 364 3138 fatto
381 3075 512 3137 officium
529 3095 629 3137 meum
651 3076 730 3136 &ob
743 3077 880 3146 errantia,
899 3095 955 3151 qua
968 3095 1015 3133 nie

23 3145 28 3162 '
63 3151 200 3230 obligasti;
229 3157 294 3217 tibi
315 3155 374 3214 erit
396 3153 547 3215 declarata:
577 3155 606 3214 dc
625 3152 851 3232 propensissimus
875 3151 1017 3212 Domina·
1066 3181 1069 3186 ·

8 3245 9 3298 1
63 3229 202 3295 timistuae
227 3231 393 3294 animus&
416 3233 562 3303 voluntas,
582 3251 638 3309 qua
656 3231 749 3290 indies
762 3228 852 3290 studia
867 3232 1016 3290 literarum

8 3341 9 3350 κ
62 3303 190 3382 sustentat,
219 3313 323 3390 aliqua
341 3327 474 3388 exparte
493 3311 550 3369 erit
568 3307 753 3368 manifestata.
791 3305 887 3368 Restat
899 3327 969 3386 ergo
982 3323 1018 3365 ut

8 3381 9 3396 ¹
63 3401 151 3464 rogem
173 3389 424 3450 Dominationem
459 3403 560 3460 tuam,
603 3403 638 3446 ut
676 3385 924 3463 quemadmodum
962 3403 1019 3462 ego

64 3479 167 3526 omnem
187 3466 407 3527 observantiam
428 3484 522 3526 meam
541 3462 577 3523 ad
590 3463 806 3524 Dominationis
829 3482 886 3524 tua:
911 3479 1019 3521 nutum

64 3555 138 3617 atquc
157 3547 348 3604 voluntatem
367 3541 463 3602 detuli
481 3543 510 3603 δι
528 3541 648 3615 servavi,
676 3543 716 3601 ita
729 3541 944 3602 Dominationis
961 3559 1020 3598 tuae

66 3615 135 3678 lavor
161 3639 251 3701 atque
283 3619 402 3688 bonitas
430 3620 514 3678 nullo
544 3618 634 3688 modo
663 3637 729 3694 erga
759 3639 806 3679 me
831 3619 1021 3678 diminuatur.

65 3691 199 3758 Dominus
216 3697 309 3776 Jesus
333 3691 465 3758 christus
476 3697 720 3766 Dominationem
740 3713 821 3759 tuam
843 3697 1024 3758 incolumem

68 3773 213 3839 conservet
566 3774 581 3834 1
596 3797 609 3835 2
887 3765 1029 3832 EPIST.
