2612 4450
117 189 120 197 .
186 102 253 240 76
341 99 404 195 D.
429 100 485 193 Κ.
512 89 1073 198 HUNTINGTONI

181 255 352 373 primirm
378 253 611 342 afferrentur.
668 257 791 360 Quod
819 256 844 340 fi
871 261 1040 344 cuneati
1056 259 1210 346 sunrsa·

180 370 405 462 cratiffimos
419 371 505 454 illos
514 372 667 454 codices
684 370 847 469 mittere,
856 372 1212 487 etiamatqueeriam

182 503 222 568 re
239 481 462 584 obtestatur,
506 484 578 565 Vir
607 479 816 582 clarissime,
847 503 887 565 ut
918 481 944 563 sl
972 487 1032 567 illi
1051 490 1157 597 apud
1181 509 1212 569 re

182 598 309 707 alepi,
338 597 399 679 vel
419 594 524 704 apud
535 597 654 678 alium
669 596 847 706 quemvis
861 598 1119 704 reperiantur,
1137 625 1204 708 pre·

183 711 280 792 tium
297 733 347 789 ex
366 734 477 817 aequo
501 709 678 817 accipias,
701 706 854 819 'eosque
871 709 923 790 ad
943 707 1071 820 ipsum
1093 737 1202 823 quam·

183 822 356 932 primum
381 822 521 902 mittas.
590 827 699 922 Quos
729 840 858 903 autem
889 821 1079 905 londino
1108 849 1206 933 erpe-

181 933 273 1032 ilas,
301 957 364 1016 eas
383 929 460 1016 tibi
489 927 705 1016 allervabia
768 932 925 1024 Interim
950 959 1083 1018 carere
1111 939 1210 1018 volu·

184 1048 339 1131 minum
363 1045 520 1126 illorum
548 1039 642 1142 usu,
688 1069 769 1125 non
803 1046 876 1126 erit
903 1043 1120 1130 admodum
1149 1047 1213 1131 tibi

182 1184 314 1272 grave,
361 1157 428 1267 qui
459 1157 630 1252 Latinos,
664 1160 829 1255 Graec03‚
859 1155 1086 1259 Hebraicos,
1109 1179 1213 1270 arque

183 1268 371 1358 Arabicos
396 1269 546 1351 codices
578 1267 734 1351 aliunde
764 1267 893 1352 habes.
948 1267 1041 1353 rdfi
1071 1272 1212 1372 feceris,

182 1385 256 1464 Vir
274 1376 521 1480 ornatiffime,
552 1380 727 1490 preclare
744 1380 793 1460 de
812 1379 1050 1465 Damascena
1066 1390 1215 1467 Graeco

182 1519 269 1582 rum
285 1493 457 1593 Ecclelia,
488 1511 605 1600 atque
624 1493 664 1573 in
676 1494 809 1602 primis
824 1494 871 1575 de
888 1491 1137 1578 illustriffimo
1150 1499 1216 1578 illo

183 1603 364 1693 Antistite
378 1602 589 1688 mereberis.
629 1608 713 1687 Nec
735 1605 928 1688 mediocre
952 1607 993 1688 in
1014 1633 1077 1691 me
1096 1611 1216 1691 colla·

183 1737 265 1804 rum
285 1717 513 1802 beneficium
529 1716 680 1817 ducam,
712 1712 849 1801 fimeis
875 1718 970 1800 illud
990 1716 1215 1802 concefferis

182 1828 358 1961 precibus
377 1871 393 1939 3
423 1824 836 1939 efficiamque,ci1mse
860 1827 966 1912 dabit
980 1827 1145 1933 occafio,
1178 1851 1217 1914 ut

182 1945 388 2054 mtelligaS,
423 1939 470 2024 fic
504 1969 564 2024 me
590 1943 751 2051 gratiam
770 1943 944 2049 excipere
971 1937 1138 2042 solitum,
1175 1965 1215 2026 ut

188 2058 268 2165 ejus
284 2081 483 2166 nunquam
502 2055 727 2138 memoriam
744 2051 947 2161 deponam·
991 2055 1051 2138 Ad
1067 2075 1214 2142 montes

186 2167 350 2270 molitor,
369 2195 452 2251 non
470 2169 585 2277 longe
606 2164 657 2248 ab
677 2166 863 2276 Beryrana
880 2164 974 2248 urbe
995 2164 1150 2277 positos,
1177 2197 1215 2249 a·

186 2280 317 2390 liquot
335 2279 420 2389 poll
436 2276 569 2361 diebus
587 2280 733 2359 revolo.
798 2275 1014 2362 Kesroanos
1042 2280 1132 2362 illos
1148 2307 1214 2389 ap

185 2396 344 2502 pellant.
400 2387 460 2473 lbi
498 2387 525 2472 fi
552 2391 659 2471 aliud
685 2389 783 2470 nihil
804 2387 966 2498 polium,
995 2416 1079 2473 non
1097 2391 1209 2474 deero

185 2504 320 2601 ‚saltem
337 2529 438 2587 meas
457 2499 735 2613 qualescunque
762 2527 888 2609 preces
915 2527 989 2610 pro
1022 2504 1208 2585 Domim·

186 2617 299 2698 tione
318 2617 433 2697 vestri
453 2611 659 2710 effundere,
687 2615 698 2693 i
705 2611 830 2723 pfique
855 2610 1065 2702 beatissima
1084 2614 1205 2710 omnia

185 2727 237 2810 ad
257 2730 331 2810 Dei
344 2727 511 2839 gloriam
533 2745 677 2838 optare.
734 2729 843 2808 Vale.

225 2950 362 3027 Damasci,
389 2949 480 3009 Idibus
494 2948 592 3025 Aprilis
608 2952 692 3022 1534.
