2606 4454
195 181 258 280 D.
286 181 339 274 K.
367 167 920 272 HUNTINGTONI.
1011 179 1077 275 vii

46 363 172 428 ventae
196 337 401 454 peracerbo
422 341 508 424 fato
531 337 754 437 extinctam,
785 341 825 421 δι
844 338 968 422 titulis
986 363 1072 422 otn-

46 455 166 540 nibus
199 479 341 566 parem,
370 479 419 534 ne
437 453 563 534 dicam
585 453 769 560 majorem
795 452 998 556 futurum,
1029 471 1072 534 ut

45 572 150 650 alios
169 586 326 665 taceam,
356 561 695 676 quorumconsrliis
710 567 748 645 δι
768 565 873 644 votis
892 569 933 645 in
954 563 1077 670 libris,

44 705 145 787 quos
166 679 299 788 singuli
321 703 392 786 pro
413 677 518 758 varia
542 673 752 757 studiorum
771 677 920 757 ratione
946 669 1073 788 postuss

45 796 192 888 larunt,
221 786 488 897 comparandis
508 783 769 898 obtemperare
794 785 943 868 summa
971 787 1075 870 dele·

46 903 215 984 &arioni
236 902 356 984 duxit.
406 897 561 980 Ubicun
593 925 638 980 ue
661 902 834 980 locorum
854 898 928 981 five
947 899 986 978 in
1006 903 1073 1004 Sy·

48 1017 119 1112 ria,
148 1012 224 1097 five
259 1014 299 1094 in
327 1011 531 1116 Palaestini,
566 924 641 1092 dvc
659 1013 700 1090 iu
725 1011 906 1122 AEgyptO,
944 1007 1017 1090 five
1034 1013 1074 1094 iu

51 1124 216 1222 Perfida,
243 1122 406 1206 Codices
430 1150 545 1205 manu
562 1143 739 1204 exaratos
758 1123 885 1206 adhuc
905 1122 1075 1231 integros

50 1241 182 1336 latere,
198 1239 314 1335 fama,
330 1239 470 1319 incerta
487 1237 587 1334 licet,
601 1237 838 1343 vulgaverat,
856 1231 1077 1318 industriam

51 1348 162 1431 suam
182 1351 404 1458 neutiquam
417 1346 614 1428 desiderari
629 1343 751 1456 pallus
770 1343 847 1452 est3
875 1344 1077 1456 nullosque

50 1459 223 1560 recellas,
262 1459 328 1542 ubi
356 1478 422 1540 aut
452 1458 677 1541 inveniendi
708 1455 805 1566 spes,
842 1479 909 1554 aut
944 1461 1076 1540 nanci-

54 1573 189 1655 scendi
233 1574 347 1681 copia
380 1569 564 1668 dabatur,
619 1569 768 1679 reliquit
804 1569 1078 1676 inexploratos.

54 1687 175 1786 Quali
208 1684 301 1764 verb
329 1677 503 1779 saccello,
530 1679 644 1792 quim
670 1680 795 1780 bon0,
822 1679 937 1789 quam
958 1682 1077 1788 felici,

51 1802 95 1878 bc
123 1794 238 1904 quam
266 1795 378 1907 plane
402 1791 717 1902 obstupescendo,
747 1791 832 1902 post
848 1791 1079 1879 laboriosam

55 1910 232 1988 virorum
266 1907 367 2016 aque
391 1904 638 2004 curiosorum,
677 1905 874 2016 eidemque
901 1930 995 1987 curte
1019 1909 1078 1989 in·

56 2041 268 2115 tentorum,
296 2017 529 2127 indaginem,
559 2021 635 2127 jam
652 2041 718 2130 per
747 2013 912 2098 seculum
929 2015 1078 2101 dudum

59 2133 277 2227 exercitam,
308 2135 409 2211 Deus
428 2135 521 2236 Opt.
546 2133 650 2212 Max.
679 2130 951 2210 coronaverit:
981 2127 1077 2237 pub-

57 2246 132 2325 lica
161 2243 311 2323 Oxouii
339 2240 589 2338 Bibliotheca,
631 2239 786 2350 copiola
810 2239 996 2324 librorum
1017 2269 1079 2324 ac·

56 2351 226 2437 cessione
243 2351 504 2454 nobilitatam
519 2373 714 2456 aternum,
737 2351 814 2455 (ita
835 2351 941 2462 spero
960 2379 1080 2465 augu-

57 2467 222 2573 rotqne]
252 2462 276 2542 li
297 2465 353 2546 las
376 2465 418 2545 fit
437 2466 574 2560 dicere,
604 2465 740 2546 merito
755 2461 966 2548 ostentabit.

116 2579 289 2659 Maxime
310 2575 463 2656 solicito
478 2575 525 2657 de
541 2573 817 2683 librisSyriacis
830 2575 1079 2684 procurandis

63 2691 153 2771 l'eliv
178 2690 350 2768 incundae
366 2715 451 2768 cum
482 2693 530 2770 D.
551 2689 746 2797 Stephano
768 2692 890 2784 Petra,
921 2690 1081 2770 Patriar-

62 2802 130 2880 cut
151 2803 431 2880 Maronitarum
447 2801 705 2900 atniocucno,
733 2826 845 2908 quatu
861 2797 985 2907 postea
997 2827 1080 2881 om.-

63 2915 102 2992 ni
122 2912 255 2994 debita
281 2939 364 2992 cam
397 2912 641 2994 veneratione
669 2912 850 3020 epistolis,
879 2911 1081 3020 officiisque

62 3025 288 3105 Clarillianae
308 3026 474 3130 pietatis,
513 3021 649 3131 quibus
667 3042 732 3104 aut
757 3025 809 3104 illi
837 3043 900 3103 aut
923 3021 1084 3132 Presby-

62 3138 164 3233 teriS,
208 3161 344 3241 magna
370 3136 502 3244 inopii
527 3132 800 3230 laborantibus,
836 3154 915 3216 crat
939 3135 1084 3220 succur-

63 3247 238 3343 rendum,
280 3251 496 3353 permultos
522 3272 644 3327 annos
663 3243 877 3355 prosecutus
895 3247 956 3346 cll,
989 3251 1086 3331 ami·

64 3361 162 3439 titiae
183 3357 385 3468 obrigebat
413 3355 573 3438 occasm.
631 3364 664 3438 ls
682 3375 809 3439 autem
825 3359 894 3438 Vir
914 3385 1085 3440 reveren-

58 3467 233 3553 dilsrmus
249 3466 357 3550 ssall'ae
376 3471 615 3577 Tripolitani
635 3467 938 3578 expilationibus
965 3475 1005 3551 ὃ(
1024 3489 1085 3578 ty-

62 3581 226 3663 rannide
246 3582 456 3681 dimicatus,
478 3580 551 3661 sese
564 3603 653 3660 tunc
671 3581 855 3688 temporis
874 3582 922 3662 ad
936 3604 1086 3664 montes

61 3691 290 3790 Kesroanoa
319 3720 397 3773 uon
422 3697 588 3801 procula
610 3695 760 3797 Beryto
787 3716 901 3799 qnam
912 3695 986 3774 levi
1003 3717 1088 3775 mu-,

63 3807 215 3886 tatione
229 3805 347 3886 hodic·
368 3803 477 3884 Barvt
490 3803 954 3913 appellant,subduaerat3
979 3827 1021 3887 ut
1041 3807 1088 3886 il·

62 3920 142 4000 lico
161 3918 296 4032 procul
331 3914 351 3998 a
382 3915 582 4030 coulpeltu
609 3917 650 3997 8<
668 3914 865 3998 consortio
876 3918 1090 4004 Turcatum

573 4024 729 4136 [²4]
997 4031 1093 4112 uo-
