2702 4442
7 203 18 297 l

220 120 362 224 ou.
392 117 802 218 renuatur
846 93 1044 218 urta
1088 147 1149 255 59

178 287 297 371 Hasce
310 291 485 397 egregias
503 287 625 368 animi
648 284 760 366 dotes
784 310 829 367 ac
847 285 1007 368 victores
1035 311 1152 371 oroa-

7 369 18 496 ‚3
122 393 187 482 bat
211 401 361 511 pietatis
376 427 472 482 verae
500 403 541 482 bc
568 395 697 479 solidae
717 394 858 506 absque
876 398 985 480 omni
1000 395 1154 484 affecta-

121 514 228 595 tione
247 512 425 609 studium,
453 509 559 621 quod
577 510 783 621 diligenter
800 509 956 619 quidem
966 513 1152 613 excoluit,

13 624 17 676 ¹·
124 651 204 706 non
221 644 369 708 rantum
382 627 471 704 Deo
489 622 527 703 in
547 619 696 718 Muse0‚
726 641 909 732 tanquam
933 624 974 705 in
996 626 1154 725 Sacelto,

6 737 19 790 ‘·'
123 763 279 834 vacans,
310 760 508 844 rerumque
534 733 742 816 coelestium
761 733 1006 816 meditationi
1024 735 1153 819 inten-

5 852 19 909 :1
123 867 197 948 tus,
226 847 290 930 sed
311 851 350 929 ὃ(
373 849 413 930 in
439 843 602 956 publicis
623 845 843 958 quotidiani
863 841 1092 931 sacricultus
1110 849 1152 931 &

5 967 17 1064 ξ
123 958 166 1041 in
186 960 383 1072 religionis
404 957 627 1042 Christiana
646 955 777 1041 officiis
799 952 995 1040 affiduus:
1021 960 1070 1041 ad
1088 986 1153 1044 cu-

5 1083 17 1180 }
126 1073 185 1180 jus
219 1098 393 1155 normam
423 1071 545 1153 viram
572 1067 679 1154 suam
706 1068 897 1153 instituere
923 1063 988 1138 aad
1011 1069 1086 1165 θεῷ
1111 1073 1153 1154 8<

126 1209 198 1293 pro
214 1187 332 1286 virili,
354 1204 536 1292 quantum
549 1183 693 1266 indolis
707 1184 884 1264 humanae
896 1177 1153 1283 infirmitates,

4 1309 17 1366 t·
124 1294 199 1377 five
228 1324 276 1378 ex
304 1322 428 1378 errore
449 1295 593 1407 judicii,
630 1294 704 1376 five
732 1320 778 1374 ex
803 1292 930 1376 subito
947 1292 1151 1378 affedtuum

4 1422 15 1482 z
124 1410 283 1517 impetu,
311 1409 439 1491 invito
467 1426 534 1489 aut
565 1404 795 1516 obrepentes
816 1425 882 1488 aut
914 1405 1147 1491 incursantes

4 1539 15 1596 ;·
126 1523 333 1630 pariuntur,
364 1517 506 1601 sincero
523 1518 638 1600 corde
660 1514 865 1601 studebat:
903 1517 1058 1600 interim
1078 1520 1154 1602 hu·

125 1633 320 1730 molimus,
343 1631 653 1741 qualitercunque
666 1627 860 1712 inomilsts
872 1625 1151 1742 commiffisque

2 1770 11 1850 je
125 1739 350 1853 deliquill'er,
389 1744 532 1823 diuinae
567 1741 833 1824 misericordiae
863 1759 1020 1850 propter
1040 1744 1153 1824 meri-

2 1887 10 1938 5.
127 1875 165 1936 ta
181 1851 381 1937 beatissimi
411 1850 718 1960 Jesubslulfflo'w
741 1851 984 1962 efflagitatur.
1034 1854 1154 1954 Quod

2 2027 11 2048 2
127 1967 205 2047 huc
235 1965 367 2048 referri
400 1985 582 2074 oportere
617 1967 734 2063 duxi,
774 1991 822 2046 ne
840 1965 1031 2073 quispiam
1047 1970 1152 2050 illum

7 2149 10 2156 .
126 2070 234 2159 auti*
266 2073 377 2150 diaria
397 2077 522 2178 legista
548 2078 699 2184 penitus
716 2073 929 2188 neglexilie‚
949 2079 1071 2159 autin
1091 2077 1153 2161 so-

1 2231 2 2234 *
127 2192 171 2272 lis
191 2191 382 2270 literarum
414 2186 543 2268 studiis
564 2213 718 2269 omnem
738 2215 891 2299 operam
913 2192 951 2269 ὃ(
971 2187 1152 2272 indullri·

1 2385 4 2394 ,
126 2329 190 2382 am
205 2297 420 2399 collocasse,
451 2305 547 2378 rnalc
568 2297 826 2408 suspicaretur.
884 2306 944 2382 De
963 2303 1068 2410 cujus
1082 2301 1155 2385 ob-

128 2410 382 2521 stupescendis
411 2412 580 2518 reliqniis
601 2412 716 2521 paulb
742 2414 901 2522 amplius
922 2438 1034 2524 agere
1061 2440 1155 2497 con·

5 2527 8 2570 ³
130 2525 244 2622 stimi,
273 2550 358 2604 cum
373 2525 425 2622 id,
452 2520 476 2600 li
492 2522 587 2602 rede
607 2525 748 2632 judic0,
779 2553 847 2605 nec
865 2544 919 2621 tu,
941 2525 1155 2611 candide&

1 2683 7 2691 ·
128 2635 433 2732 erudircLeelor,
463 2637 583 2736 aliter,
614 2637 824 2746 utopinor,
853 2635 1052 2746 judicabis,
1072 2655 1155 2720 tum

1 2777 2 2782 ¹
130 2747 185 2828 tei
204 2750 376 2829 literaria
406 2770 486 2827 tum
514 2749 621 2827 l'antae
652 2751 890 2830 Bernardime
912 2749 1155 2832 illustrationi

128 2863 168 2941 ὃ(
184 2882 392 2968 augmento
410 2885 489 2938 noo
512 2883 645 2966 putum
665 2861 879 2942 conducere
892 2861 1077 2942 videatur.

190 2977 335 3051 llnrum
364 2995 491 3052 autem
522 2970 830 3054 lucubrationum
851 2974 1078 3070 indiculum,
1108 2995 1157 3055 ex

133 3083 145 3160 i
153 3080 247 3187 pbus
264 3085 349 3164 vita
366 3083 557 3165 breviario
574 3080 777 3192 sumptum,
809 3088 980 3192 pauculis
997 3084 1157 3168 adnota-

130 3196 179 3274 tis
202 3191 359 3276 subinde
385 3192 543 3291 insertis,
572 3196 801 3304 illnllrabo3
829 3196 966 3277 deinde
982 3199 1155 3306 quaedam

130 3307 172 3386 in
207 3308 273 3386 illo
304 3329 370 3387 aut
408 3303 539 3386 omilin
571 3329 636 3388 aut
660 3306 853 3391 obscurius
887 3305 1158 3406 subintellecta,

132 3419 283 3527 aliaque
302 3447 347 3498 ex
362 3417 505 3500 schedis
522 3416 654 3502 solutis
672 3445 863 3530 excerpta,
883 3417 1061 3502 mantill'ae
1076 3448 1157 3502 non

130 3535 419 3612 contemnendae
436 3534 536 3626 locu,
566 3533 717 3615 addam.

171 3711 195 3785 I,
225 3707 420 3787 Chronicon
441 3720 555 3788 auraria
578 3712 656 3803 ccvi,
676 3711 753 3818 stoc
773 3706 891 3786 (bnon
916 3705 1120 3793 Cleonicus.

187 3871 296 3971 Opus
316 3868 553 3971 magnum&
575 3863 787 3946 incredibili
808 3870 1013 3949 mulrcrum
1035 3892 1158 3949 unno-

124 4005 211 4067 rum
233 3974 363 4057 labore
379 3979 644 4087 compotitum,
660 3981 790 4061 incito
810 3983 982 4062 onmium
1004 3999 1156 4086 rempo-

1072 4120 1087 4173 t
