2646 4448
315 141 887 260 certiora.
1051 183 1114 279 91
1223 57 1225 62 Ι

529 492 530 495 ¹
567 451 637 536 xl.

86 645 148 819 J.
171 649 388 818 tudolfia
401 648 636 783 plurimum
653 633 877 752 reverendo
900 681 1023 784 atque
1039 652 1125 752 cia·

161 789 316 930 rtffimo
351 795 464 908 Viro,
502 789 686 892 Domino
712 788 887 904 litberto
912 797 1126 929 flaming-

165 957 254 1035 torto
278 935 321 1026 S.
348 933 400 1028 P.
424 929 486 1026 D.
1071 943 1074 950 ’

145 1207 368 1292 Mmortales
384 1201 454 1292 tibi
474 1198 600 1288 debeo
611 1203 753 1314 gratias
765 1200 1129 1316 probumaniffimir

171 1321 316 1430 pariter
327 1346 372 1401 ac
389 1313 644 1400 eruditissimis
660 1317 777 1400 literis
789 1321 878 1418 tuis,
911 1321 1053 1400 ultimo
1063 1319 1130 1402 die

96 1432 237 1518 Martii
248 1431 297 1515 ud
315 1429 503 1528 medaria,
531 1424 726 1542 inquibus
745 1428 926 1514 defideria
945 1457 1027 1512 mea
1042 1455 1128 1546 par-

95 1543 173 1627 tim
204 1542 433 1654 implevisti,
482 1543 623 1651 partim
658 1544 870 1626 accendisti.
936 1545 1131 1654 Imprimis

98 1652 197 1740 vero
211 1657 311 1738 mihi
331 1655 467 1738 auditu
486 1649 735 1763 gratiffimum
748 1656 837 1756 fuit,
854 1655 957 1768 quod
973 1659 1021 1738 de
1035 1685 1129 1739 con·

99 1767 318 1852 versatione
345 1770 406 1850 tud
438 1793 525 1848 cum
554 1769 747 1850 Samariris
780 1795 910 1851 narras
937 1806 952 1874 e,
986 1768 1129 1856 exinde

101 1883 286 1990 proximi
315 1876 511 1962 occasione
539 1880 764 1988 corrigetur,
791 1881 896 1991 quod
926 1905 975 1964 ex
994 1877 1130 1964 [militi

103 1993 386 2078 informatione
404 1993 444 2072 in
466 1989 569 2074 notis
584 1989 634 2071 ad
656 1992 858 2100 Epistulam
874 1993 1132 2080 Samaritano-

107 2129 194 2191 tum
213 2109 254 2189 in
280 2108 461 2215 Angiiam
483 2098 644 2198 missam,
673 2102 816 2185 diuum
848 2103 914 2204 est,
942 2102 1044 2212 quafi
1062 2127 1146 2196 tua*

106 2219 346 2301 Reverentia
369 2220 441 2299 iliis
466 2210 717 2325 perfudisset,
755 2221 899 2301 Fratres
929 2241 1064 2305 eorum
1091 2219 1133 2301 in

106 2332 249 2440 angria
278 2330 426 2438 degere.
482 2323 578 2412 Tibi
598 2326 759 2412 debetur
786 2328 1011 2413 instauratio
1025 2355 1133 2416 com·
1238 2391 1241 2398 ,

106 2444 247 2524 mercii·
271 2445 483 2537 literarum,
519 2439 624 2548 quod
643 2442 805 2551 Scaliger
825 2441 1028 2556 tantopere
1040 2442 1137 2538 delia

107 2553 274 2654 detavit,
312 2578 398 2636 cum
430 2553 631 2660 manipulo
661 2552 732 2633 isto
759 2549 897 2638 misera
927 2554 1073 2652 Gemit,
1111 2553 1134 2636 ὲ

110 2687 171 2761 tot
188 2665 332 2766 secutis,
363 2668 402 2747 in
419 2666 535 2746 tauris
556 2663 889 2774 persecutionibuS,
921 2691 988 2773 per
1009 2687 1135 2752 tantas

112 2801 236 2866 terum
248 2781 423 2860 omnium
440 2779 673 2859 murationes
687 2776 1111 2887 hucusquecouservatae
1124 2773 1139 2861 :⁴

113 2895 220 2999 quod
236 2919 311 3001 ego
332 2917 410 2971 uon
431 2891 504 2971 fine
523 2887 697 3002 fingulari
716 2892 789 2971 Dei
809 2889 1051 3000 prouidentia
1077 2893 1138 2974 ia-

109 3006 214 3110 itum
231 3003 471 3096 crediderim,
497 2999 705 3100 obtrusas,
733 3027 826 3112 quas
852 3006 892 3084 in
914 3003 1137 3113 praefatione
1169 3073 1173 3080 .

111 3120 163 3205 ud
180 3117 366 3228 Epistulas
385 3119 705 3197 Samaritanorum
719 3115 887 3225 exposui.
946 3119 1045 3196 Cum
1062 3113 1138 3225 igi·¹

112 3252 174 3312 tur
193 3227 330 3312 uteffiae
351 3228 483 3326 nostri,
499 3248 539 3308 ut
556 3255 756 3328 memorat,
773 3255 850 3309 non
872 3231 1001 3328 aliam,
1024 3230 1137 3338 quam

114 3341 404 3440 honorificam,
439 3344 675 3422 mentionem
701 3344 737 3419 iu
766 3342 968 3442 Chronico
989 3336 1059 3424 suo
1078 3344 1136 3422 fa—

112 3458 233 3567 ciant,
264 3456 440 3563 agedum,
470 3455 551 3535 noli
580 3451 714 3533 ceti'are
731 3452 1001 3568 benevolendi
1020 3475 1137 3564 atque

113 3565 550 3674 clraritatisChriiiiume
570 3566 702 3665 officiis
719 3593 785 3646 eos
804 3565 1041 3668 denruic'ere3
1063 3593 1138 3677 ego

114 3707 165 3761 ex
185 3683 265 3762 mezi
282 3701 398 3788 parte,
430 3677 645 3788 ubicunque
666 3678 784 3758 modi>
803 3701 952 3786 potem,
983 3679 1055 3766 illis
1075 3677 1140 3757 bt-

115 3791 289 3894 nefacere
311 3817 479 3903 pergam,
515 3796 553 3890 8<
582 3816 704 3896 nuper
731 3792 937 3872 admodum
963 3788 1140 3888 Consuli,

117 3928 159 4016 ur
187 3927 343 4016 uocant,
375 3905 538 4015 uugico,
574 3900 845 4004 Caikbcrncto,
883 3906 920 3984 in
948 3907 1140 3992 inundatis

203 4031 228 4038 ”
325 4024 328 4031 ’
444 4047 446 4055 ’
1048 4015 1140 4101 dedi
