<?xml version="1.0" encoding="UTF-8"?>
<!DOCTYPE html PUBLIC "-//W3C//DTD XHTML 1.0 Transitional//EN"
    "http://www.w3.org/TR/xhtml1/DTD/xhtml1-transitional.dtd">
<html xmlns="http://www.w3.org/1999/xhtml" xml:lang="en" lang="en">
 <head>
  <title>
</title>
<meta http-equiv="Content-Type" content="text/html;charset=utf-8" />
  <meta name='ocr-system' content='tesseract 3.04.00' />
  <meta name='ocr-capabilities' content='ocr_page ocr_carea ocr_par ocr_line ocrx_word'/>
</head>
<body>
  <div class='ocr_page' id='page_1' title='image "./rogeriaschamiep00sturgoog_0642.png"; bbox 0 0 2606 4454; ppageno 0'>
   <div class='ocr_carea' id='block_1_1' title="bbox 259 121 1038 262">
    <p class='ocr_par' dir='ltr' id='par_1_1' title="bbox 259 121 1038 262">
     <span class='ocr_line' id='line_1_1' title="bbox 259 121 1038 262; baseline -0.003 -26"><span class='ocrx_word' id='word_1_1' title='bbox 259 143 304 238; x_wconf 90' lang='lat' dir='ltr'>iv</span> <span class='ocrx_word' id='word_1_2' title='bbox 495 135 568 231; x_wconf 88' lang='lat' dir='ltr'>De</span> <span class='ocrx_word' id='word_1_3' title='bbox 585 137 699 254; x_wconf 82' lang='lat' dir='ltr'>Vita,</span> <span class='ocrx_word' id='word_1_4' title='bbox 733 131 918 262; x_wconf 79' lang='lat' dir='ltr'>Studiis,</span> <span class='ocrx_word' id='word_1_5' title='bbox 954 121 1038 237; x_wconf 77' lang='lat' dir='ltr'>dcc.</span> 
     </span>
    </p>
   </div>
   <div class='ocr_carea' id='block_1_2' title="bbox 252 293 1293 4090">
    <p class='ocr_par' dir='ltr' id='par_1_2' title="bbox 252 293 1293 4090">
     <span class='ocr_line' id='line_1_2' title="bbox 312 293 1254 410; baseline 0 -30"><span class='ocrx_word' id='word_1_6' title='bbox 312 293 405 380; x_wconf 85' lang='lat' dir='ltr'>ffimi</span> <span class='ocrx_word' id='word_1_7' title='bbox 425 299 606 399; x_wconf 86' lang='lat' dir='ltr'>latrones,</span> <span class='ocrx_word' id='word_1_8' title='bbox 621 296 672 382; x_wconf 89' lang='lat' dir='ltr'>ad</span> <span class='ocrx_word' id='word_1_9' title='bbox 689 301 849 384; x_wconf 85' lang='lat' dir='ltr'>alteram</span> <span class='ocrx_word' id='word_1_10' title='bbox 868 297 996 382; x_wconf 83' lang='lat' dir='ltr'>insulae</span> <span class='ocrx_word' id='word_1_11' title='bbox 1014 314 1156 410; x_wconf 88' lang='lat' dir='ltr'>partem</span> <span class='ocrx_word' id='word_1_12' title='bbox 1167 319 1254 405; x_wconf 81' lang='lat' dir='ltr'>eym-</span> 
     </span>
     <span class='ocr_line' id='line_1_3' title="bbox 291 407 1252 522; baseline -0.002 -30"><span class='ocrx_word' id='word_1_13' title='bbox 291 409 321 492; x_wconf 92' lang='lat' dir='ltr'>is</span> <span class='ocrx_word' id='word_1_14' title='bbox 341 408 427 507; x_wconf 90' lang='lat' dir='ltr'>suis,</span> <span class='ocrx_word' id='word_1_15' title='bbox 455 408 588 518; x_wconf 84' lang='lat' dir='ltr'>praedae</span> <span class='ocrx_word' id='word_1_16' title='bbox 616 409 815 520; x_wconf 77' lang='lat' dir='ltr'>captandae</span> <span class='ocrx_word' id='word_1_17' title='bbox 845 407 921 520; x_wconf 92' lang='lat' dir='ltr'>spe,</span> <span class='ocrx_word' id='word_1_18' title='bbox 953 436 1025 522; x_wconf 89' lang='lat' dir='ltr'>pro</span> <span class='ocrx_word' id='word_1_19' title='bbox 1046 435 1149 494; x_wconf 89' lang='lat' dir='ltr'>more</span> <span class='ocrx_word' id='word_1_20' title='bbox 1175 413 1252 491; x_wconf 81' lang='lat' dir='ltr'>cbm</span> 
     </span>
     <span class='ocr_line' id='line_1_4' title="bbox 260 518 1249 631; baseline -0.004 -27"><span class='ocrx_word' id='word_1_21' title='bbox 260 518 475 620; x_wconf 77' lang='lat' dir='ltr'>transvecti,</span> <span class='ocrx_word' id='word_1_22' title='bbox 503 520 733 607; x_wconf 85' lang='lat' dir='ltr'>nostratibus</span> <span class='ocrx_word' id='word_1_23' title='bbox 749 524 790 604; x_wconf 92' lang='lat' dir='ltr'>in</span> <span class='ocrx_word' id='word_1_24' title='bbox 808 523 882 622; x_wconf 77' lang='lat' dir='ltr'>via,</span> <span class='ocrx_word' id='word_1_25' title='bbox 921 525 992 631; x_wconf 80' lang='lat' dir='ltr'>qui</span> <span class='ocrx_word' id='word_1_26' title='bbox 1011 543 1092 604; x_wconf 89' lang='lat' dir='ltr'>erat</span> <span class='ocrx_word' id='word_1_27' title='bbox 1118 519 1249 604; x_wconf 89' lang='lat' dir='ltr'>redeun-</span> 
     </span>
     <span class='ocr_line' id='line_1_5' title="bbox 259 629 1245 742; baseline -0.005 -27"><span class='ocrx_word' id='word_1_28' title='bbox 259 632 367 734; x_wconf 93' lang='lat' dir='ltr'>dum,</span> <span class='ocrx_word' id='word_1_29' title='bbox 397 630 632 717; x_wconf 82' lang='lat' dir='ltr'>insidiantur.</span> <span class='ocrx_word' id='word_1_30' title='bbox 689 631 840 737; x_wconf 86' lang='lat' dir='ltr'><strong>Quibus</strong></span> <span class='ocrx_word' id='word_1_31' title='bbox 871 631 1094 742; x_wconf 77' lang='lat' dir='ltr'>tempestivb</span> <span class='ocrx_word' id='word_1_32' title='bbox 1119 629 1245 740; x_wconf 84' lang='lat' dir='ltr'>conspe·</span> 
     </span>
     <span class='ocr_line' id='line_1_6' title="bbox 258 741 1247 857; baseline -0.002 -31"><span class='ocrx_word' id='word_1_33' title='bbox 258 744 340 843; x_wconf 80' lang='lat' dir='ltr'>ctis,</span> <span class='ocrx_word' id='word_1_34' title='bbox 367 741 418 826; x_wconf 90' lang='lat' dir='ltr'>ab</span> <span class='ocrx_word' id='word_1_35' title='bbox 438 749 515 828; x_wconf 92' lang='lat' dir='ltr'>hoc</span> <span class='ocrx_word' id='word_1_36' title='bbox 533 747 659 857; x_wconf 85' lang='lat' dir='ltr'>gravi,</span> <span class='ocrx_word' id='word_1_37' title='bbox 684 745 791 857; x_wconf 92' lang='lat' dir='ltr'>quod</span> <span class='ocrx_word' id='word_1_38' title='bbox 811 743 1004 854; x_wconf 86' lang='lat' dir='ltr'>capitibus</span> <span class='ocrx_word' id='word_1_39' title='bbox 1036 743 1247 840; x_wconf 74' lang='lat' dir='ltr'>imminebat,</span> 
     </span>
     <span class='ocr_line' id='line_1_7' title="bbox 259 853 1247 969; baseline -0.001 -30"><span class='ocrx_word' id='word_1_40' title='bbox 259 857 447 965; x_wconf 89' lang='lat' dir='ltr'>periculo,</span> <span class='ocrx_word' id='word_1_41' title='bbox 482 858 628 966; x_wconf 83' lang='lat' dir='ltr'>pernici</span> <span class='ocrx_word' id='word_1_42' title='bbox 655 857 758 968; x_wconf 76' lang='lat' dir='ltr'>fugi,</span> <span class='ocrx_word' id='word_1_43' title='bbox 786 861 827 940; x_wconf 81' lang='grc' dir='ltr'>δι</span> <span class='ocrx_word' id='word_1_44' title='bbox 852 855 953 968; x_wconf 90' lang='lat' dir='ltr'>quali</span> <span class='ocrx_word' id='word_1_45' title='bbox 968 859 1080 940; x_wconf 85' lang='lat' dir='ltr'>alatis</span> <span class='ocrx_word' id='word_1_46' title='bbox 1102 853 1247 969; x_wconf 78' lang='lat' dir='ltr'>pedibu,</span> 
     </span>
     <span class='ocr_line' id='line_1_8' title="bbox 258 963 1251 1078; baseline -0.003 -28"><span class='ocrx_word' id='word_1_47' title='bbox 258 969 355 1078; x_wconf 71' lang='lat' dir='ltr'>aegrb</span> <span class='ocrx_word' id='word_1_48' title='bbox 387 968 598 1052; x_wconf 85' lang='lat' dir='ltr'>admodum</span> <span class='ocrx_word' id='word_1_49' title='bbox 627 967 719 1050; x_wconf 89' lang='lat' dir='ltr'>salvi</span> <span class='ocrx_word' id='word_1_50' title='bbox 746 963 957 1052; x_wconf 85' lang='lat' dir='ltr'>evaserunt.</span> <span class='ocrx_word' id='word_1_51' title='bbox 1010 975 1108 1071; x_wconf 89' lang='lat' dir='ltr'>Quo</span> <span class='ocrx_word' id='word_1_52' title='bbox 1135 967 1251 1050; x_wconf 82' lang='lat' dir='ltr'>nuncio</span> 
     </span>
     <span class='ocr_line' id='line_1_9' title="bbox 257 1079 1250 1192; baseline -0.002 -28"><span class='ocrx_word' id='word_1_53' title='bbox 257 1101 428 1191; x_wconf 87' lang='lat' dir='ltr'>accepto,</span> <span class='ocrx_word' id='word_1_54' title='bbox 454 1082 571 1166; x_wconf 88' lang='lat' dir='ltr'>literis</span> <span class='ocrx_word' id='word_1_55' title='bbox 588 1081 608 1161; x_wconf 81' lang='lat' dir='ltr'>d</span> <span class='ocrx_word' id='word_1_56' title='bbox 628 1082 965 1192; x_wconf 82' lang='lat' dir='ltr'>D.Huntingtono</span> <span class='ocrx_word' id='word_1_57' title='bbox 986 1081 1144 1190; x_wconf 77' lang='lat' dir='ltr'>Smyrnd</span> <span class='ocrx_word' id='word_1_58' title='bbox 1168 1079 1250 1162; x_wconf 76' lang='lat' dir='ltr'>can</span> 
     </span>
     <span class='ocr_line' id='line_1_10' title="bbox 257 1188 1250 1302; baseline -0.004 -27"><span class='ocrx_word' id='word_1_59' title='bbox 257 1191 550 1302; x_wconf 83' lang='lat' dir='ltr'>stantinopolim</span> <span class='ocrx_word' id='word_1_60' title='bbox 575 1192 625 1275; x_wconf 90' lang='lat' dir='ltr'>ad</span> <span class='ocrx_word' id='word_1_61' title='bbox 644 1219 706 1276; x_wconf 91' lang='lat' dir='ltr'>me</span> <span class='ocrx_word' id='word_1_62' title='bbox 723 1188 850 1293; x_wconf 76' lang='lat' dir='ltr'>millis,</span> <span class='ocrx_word' id='word_1_63' title='bbox 878 1194 934 1274; x_wconf 91' lang='lat' dir='ltr'>illi</span> <span class='ocrx_word' id='word_1_64' title='bbox 952 1189 1000 1276; x_wconf 88' lang='lat' dir='ltr'>de</span> <span class='ocrx_word' id='word_1_65' title='bbox 1015 1195 1095 1276; x_wconf 87' lang='lat' dir='ltr'>boc</span> <span class='ocrx_word' id='word_1_66' title='bbox 1109 1188 1250 1275; x_wconf 87' lang='lat' dir='ltr'>feliciad</span> 
     </span>
     <span class='ocr_line' id='line_1_11' title="bbox 255 1299 1254 1414; baseline -0.003 -28"><span class='ocrx_word' id='word_1_67' title='bbox 255 1301 544 1387; x_wconf 88' lang='lat' dir='ltr'>celeberrimum</span> <span class='ocrx_word' id='word_1_68' title='bbox 562 1301 660 1386; x_wconf 89' lang='lat' dir='ltr'>istud</span> <span class='ocrx_word' id='word_1_69' title='bbox 680 1301 771 1388; x_wconf 86' lang='lat' dir='ltr'>Afiae</span> <span class='ocrx_word' id='word_1_70' title='bbox 790 1304 952 1388; x_wconf 89' lang='lat' dir='ltr'>minoris</span> <span class='ocrx_word' id='word_1_71' title='bbox 969 1307 1190 1414; x_wconf 82' lang='lat' dir='ltr'>Emporium</span> <span class='ocrx_word' id='word_1_72' title='bbox 1203 1299 1254 1384; x_wconf 83' lang='lat' dir='ltr'>ad·</span> 
     </span>
     <span class='ocr_line' id='line_1_12' title="bbox 257 1413 1254 1526; baseline -0.003 -28"><span class='ocrx_word' id='word_1_73' title='bbox 257 1436 386 1514; x_wconf 86' lang='lat' dir='ltr'>ventu,</span> <span class='ocrx_word' id='word_1_74' title='bbox 414 1413 529 1499; x_wconf 84' lang='lat' dir='ltr'>effusa</span> <span class='ocrx_word' id='word_1_75' title='bbox 559 1415 684 1498; x_wconf 78' lang='lat' dir='ltr'>laetitid</span> <span class='ocrx_word' id='word_1_76' title='bbox 723 1421 764 1502; x_wconf 79' lang='lat'>8&lt;</span> <span class='ocrx_word' id='word_1_77' title='bbox 794 1415 955 1500; x_wconf 91' lang='lat' dir='ltr'>cordato</span> <span class='ocrx_word' id='word_1_78' title='bbox 979 1415 1115 1500; x_wconf 73' lang='lat' dir='ltr'>affeetu</span> <span class='ocrx_word' id='word_1_79' title='bbox 1148 1437 1254 1526; x_wconf 79' lang='lat' dir='ltr'>gratu</span> 
     </span>
     <span class='ocr_line' id='line_1_13' title="bbox 258 1525 1256 1636; baseline -0.003 -27"><span class='ocrx_word' id='word_1_80' title='bbox 258 1532 358 1611; x_wconf 89' lang='lat' dir='ltr'>latus</span> <span class='ocrx_word' id='word_1_81' title='bbox 376 1527 470 1611; x_wconf 90' lang='lat' dir='ltr'>sum.</span> <span class='ocrx_word' id='word_1_82' title='bbox 528 1531 630 1610; x_wconf 89' lang='lat' dir='ltr'>Dum</span> <span class='ocrx_word' id='word_1_83' title='bbox 643 1547 771 1610; x_wconf 87' lang='lat' dir='ltr'>autem</span> <span class='ocrx_word' id='word_1_84' title='bbox 784 1534 947 1636; x_wconf 81' lang='lat' dir='ltr'>Smyrna</span> <span class='ocrx_word' id='word_1_85' title='bbox 964 1549 1150 1625; x_wconf 90' lang='lat' dir='ltr'>maneret,</span> <span class='ocrx_word' id='word_1_86' title='bbox 1181 1525 1256 1608; x_wconf 90' lang='lat' dir='ltr'>dua·</span> 
     </span>
     <span class='ocr_line' id='line_1_14' title="bbox 256 1635 1258 1749; baseline -0.001 -28"><span class='ocrx_word' id='word_1_87' title='bbox 256 1635 820 1749; x_wconf 89' lang='lat' dir='ltr'>rumtriumveseptimanarum</span> <span class='ocrx_word' id='word_1_88' title='bbox 832 1639 1258 1736; x_wconf 75' lang='lat' dir='ltr'>motdfruiturusaninro</span> 
     </span>
     <span class='ocr_line' id='line_1_15' title="bbox 256 1737 1292 1862; baseline -0.001 -29"><span class='ocrx_word' id='word_1_89' title='bbox 256 1750 481 1860; x_wconf 83' lang='lat' dir='ltr'>inexplebili</span> <span class='ocrx_word' id='word_1_90' title='bbox 502 1751 630 1858; x_wconf 87' lang='lat' dir='ltr'>resque</span> <span class='ocrx_word' id='word_1_91' title='bbox 647 1776 769 1836; x_wconf 89' lang='lat' dir='ltr'>novas</span> <span class='ocrx_word' id='word_1_92' title='bbox 785 1752 933 1834; x_wconf 88' lang='lat' dir='ltr'>visendi</span> <span class='ocrx_word' id='word_1_93' title='bbox 952 1749 1201 1862; x_wconf 85' lang='lat' dir='ltr'>cupidillimo,</span> <span class='ocrx_word' id='word_1_94' title='bbox 1219 1753 1257 1832; x_wconf 81' lang='lat' dir='ltr'>t:-</span> <span class='ocrx_word' id='word_1_95' title='bbox 1290 1737 1292 1814; x_wconf 48' lang='lat' dir='ltr'>l</span> 
     </span>
     <span class='ocr_line' id='line_1_16' title="bbox 257 1861 1292 1974; baseline -0.005 -28"><span class='ocrx_word' id='word_1_96' title='bbox 257 1861 419 1971; x_wconf 84' lang='lat' dir='ltr'>phesum</span> <span class='ocrx_word' id='word_1_97' title='bbox 452 1866 491 1945; x_wconf 77' lang='lat' dir='ltr'>bt</span> <span class='ocrx_word' id='word_1_98' title='bbox 522 1864 713 1968; x_wconf 84' lang='lat' dir='ltr'>Thyatira</span> <span class='ocrx_word' id='word_1_99' title='bbox 739 1865 864 1974; x_wconf 90' lang='lat' dir='ltr'>periit,</span> <span class='ocrx_word' id='word_1_100' title='bbox 898 1863 1051 1947; x_wconf 84' lang='lat' dir='ltr'>iliarum</span> <span class='ocrx_word' id='word_1_101' title='bbox 1070 1861 1258 1946; x_wconf 84' lang='lat' dir='ltr'>celebrium</span> <span class='ocrx_word' id='word_1_102' title='bbox 1290 1863 1292 1958; x_wconf 68' lang='lat' dir='ltr'>l</span> 
     </span>
     <span class='ocr_line' id='line_1_17' title="bbox 257 1971 1293 2059; baseline 0.005 -6"><span class='ocrx_word' id='word_1_103' title='bbox 257 1973 408 2058; x_wconf 90' lang='lat' dir='ltr'>urbium</span> <span class='ocrx_word' id='word_1_104' title='bbox 428 1974 562 2058; x_wconf 90' lang='lat' dir='ltr'>rudera</span> <span class='ocrx_word' id='word_1_105' title='bbox 579 1971 805 2059; x_wconf 84' lang='lat' dir='ltr'>lustraturus.</span> <span class='ocrx_word' id='word_1_106' title='bbox 1292 1991 1293 1994; x_wconf 68' lang='lat'>‘</span> 
     </span>
     <span class='ocr_line' id='line_1_18' title="bbox 312 2081 1257 2199; baseline -0.008 -29"><span class='ocrx_word' id='word_1_107' title='bbox 312 2088 491 2170; x_wconf 85' lang='lat' dir='ltr'>Tandem</span> <span class='ocrx_word' id='word_1_108' title='bbox 518 2084 623 2182; x_wconf 86' lang='lat' dir='ltr'>verb,</span> <span class='ocrx_word' id='word_1_109' title='bbox 664 2083 748 2199; x_wconf 89' lang='lat' dir='ltr'>post</span> <span class='ocrx_word' id='word_1_110' title='bbox 771 2105 935 2198; x_wconf 89' lang='lat' dir='ltr'>quatuor</span> <span class='ocrx_word' id='word_1_111' title='bbox 962 2081 1147 2168; x_wconf 83' lang='lat' dir='ltr'>mensium</span> <span class='ocrx_word' id='word_1_112' title='bbox 1166 2084 1257 2172; x_wconf 81' lang='lat' dir='ltr'>naui·</span> 
     </span>
     <span class='ocr_line' id='line_1_19' title="bbox 257 2195 1258 2308; baseline -0.007 -28"><span class='ocrx_word' id='word_1_113' title='bbox 257 2202 455 2308; x_wconf 85' lang='lat' dir='ltr'>gationem</span> <span class='ocrx_word' id='word_1_114' title='bbox 481 2196 532 2282; x_wconf 91' lang='lat' dir='ltr'>ab</span> <span class='ocrx_word' id='word_1_115' title='bbox 550 2196 635 2304; x_wconf 82' lang='lat' dir='ltr'>ipsis</span> <span class='ocrx_word' id='word_1_116' title='bbox 667 2199 799 2298; x_wconf 91' lang='lat' dir='ltr'>initiis,</span> <span class='ocrx_word' id='word_1_117' title='bbox 829 2195 955 2280; x_wconf 83' lang='lat' dir='ltr'>salvus</span> <span class='ocrx_word' id='word_1_118' title='bbox 980 2199 1137 2307; x_wconf 89' lang='lat' dir='ltr'>appulit</span> <span class='ocrx_word' id='word_1_119' title='bbox 1162 2200 1258 2278; x_wconf 84' lang='lat' dir='ltr'>Alen-</span> 
     </span>
     <span class='ocr_line' id='line_1_20' title="bbox 257 2306 1257 2420; baseline -0.006 -30"><span class='ocrx_word' id='word_1_120' title='bbox 257 2309 481 2400; x_wconf 85' lang='lat' dir='ltr'>andrettam,</span> <span class='ocrx_word' id='word_1_121' title='bbox 511 2308 630 2420; x_wconf 74' lang='lat' dir='ltr'>vulgi&gt;</span> <span class='ocrx_word' id='word_1_122' title='bbox 657 2312 780 2392; x_wconf 86' lang='lat' dir='ltr'>nautis</span> <span class='ocrx_word' id='word_1_123' title='bbox 809 2313 848 2390; x_wconf 78' lang='lat'>8&lt;</span> <span class='ocrx_word' id='word_1_124' title='bbox 874 2306 1148 2392; x_wconf 83' lang='lat' dir='ltr'>mercatoribus</span> <span class='ocrx_word' id='word_1_125' title='bbox 1176 2333 1257 2388; x_wconf 88' lang='lat' dir='ltr'>nun-</span> 
     </span>
     <span class='ocr_line' id='line_1_21' title="bbox 257 2418 1258 2531; baseline -0.007 -29"><span class='ocrx_word' id='word_1_126' title='bbox 257 2443 434 2531; x_wconf 88' lang='lat' dir='ltr'>cupatam</span> <span class='ocrx_word' id='word_1_127' title='bbox 457 2422 691 2521; x_wconf 73' lang='lat' dir='ltr'>Scairdnrune,</span> <span class='ocrx_word' id='word_1_128' title='bbox 721 2422 761 2503; x_wconf 92' lang='lat' dir='ltr'>in</span> <span class='ocrx_word' id='word_1_129' title='bbox 782 2418 862 2504; x_wconf 83' lang='lat' dir='ltr'>finu</span> <span class='ocrx_word' id='word_1_130' title='bbox 879 2423 990 2504; x_wconf 88' lang='lat' dir='ltr'>maris</span> <span class='ocrx_word' id='word_1_131' title='bbox 1007 2419 1258 2502; x_wconf 83' lang='lat' dir='ltr'>Mediterranei</span> 
     </span>
     <span class='ocr_line' id='line_1_22' title="bbox 257 2531 1257 2644; baseline -0.002 -32"><span class='ocrx_word' id='word_1_132' title='bbox 257 2535 384 2616; x_wconf 88' lang='lat' dir='ltr'>versus</span> <span class='ocrx_word' id='word_1_133' title='bbox 401 2539 600 2617; x_wconf 87' lang='lat' dir='ltr'>Orientem</span> <span class='ocrx_word' id='word_1_134' title='bbox 617 2555 786 2614; x_wconf 82' lang='lat' dir='ltr'>extremo</span> <span class='ocrx_word' id='word_1_135' title='bbox 807 2563 817 2613; x_wconf 75' lang='grc' dir='ltr'><strong><em>ε</em></strong></span> <span class='ocrx_word' id='word_1_136' title='bbox 847 2533 937 2616; x_wconf 89' lang='lat' dir='ltr'>inde</span> <span class='ocrx_word' id='word_1_137' title='bbox 957 2531 1140 2644; x_wconf 86' lang='lat' dir='ltr'>superatis</span> <span class='ocrx_word' id='word_1_138' title='bbox 1164 2557 1257 2612; x_wconf 89' lang='lat' dir='ltr'>mon-</span> 
     </span>
     <span class='ocr_line' id='line_1_23' title="bbox 258 2641 1257 2755; baseline -0.001 -31"><span class='ocrx_word' id='word_1_139' title='bbox 258 2643 358 2728; x_wconf 87' lang='lat' dir='ltr'>tibus</span> <span class='ocrx_word' id='word_1_140' title='bbox 378 2646 493 2728; x_wconf 89' lang='lat' dir='ltr'>hodie</span> <span class='ocrx_word' id='word_1_141' title='bbox 509 2647 714 2752; x_wconf 72' lang='lat' dir='ltr'>lieylanicis</span> <span class='ocrx_word' id='word_1_142' title='bbox 729 2644 853 2744; x_wconf 74' lang='lat' dir='ltr'>dietis,</span> <span class='ocrx_word' id='word_1_143' title='bbox 868 2645 1042 2755; x_wconf 73' lang='lat' dir='ltr'>facioque</span> <span class='ocrx_word' id='word_1_144' title='bbox 1062 2645 1104 2726; x_wconf 91' lang='lat' dir='ltr'>in</span> <span class='ocrx_word' id='word_1_145' title='bbox 1130 2641 1257 2724; x_wconf 83' lang='lat' dir='ltr'>vastam</span> 
     </span>
     <span class='ocr_line' id='line_1_24' title="bbox 258 2751 1256 2866; baseline -0.006 -28"><span class='ocrx_word' id='word_1_146' title='bbox 258 2761 472 2864; x_wconf 84' lang='lat' dir='ltr'>planitiem,</span> <span class='ocrx_word' id='word_1_147' title='bbox 501 2785 579 2866; x_wconf 79' lang='lat' dir='ltr'>quat</span> <span class='ocrx_word' id='word_1_148' title='bbox 608 2756 657 2839; x_wconf 86' lang='lat' dir='ltr'>ab</span> <span class='ocrx_word' id='word_1_149' title='bbox 685 2759 800 2838; x_wconf 85' lang='lat' dir='ltr'>altera</span> <span class='ocrx_word' id='word_1_150' title='bbox 821 2780 926 2863; x_wconf 86' lang='lat' dir='ltr'>parte</span> <span class='ocrx_word' id='word_1_151' title='bbox 946 2757 1192 2839; x_wconf 81' lang='lat' dir='ltr'>Antiochiam</span> <span class='ocrx_word' id='word_1_152' title='bbox 1212 2751 1256 2833; x_wconf 76' lang='lat' dir='ltr'>ul&#39;·</span> 
     </span>
     <span class='ocr_line' id='line_1_25' title="bbox 256 2865 1255 2980; baseline -0.005 -31"><span class='ocrx_word' id='word_1_153' title='bbox 256 2897 328 2978; x_wconf 87' lang='lat' dir='ltr'>que</span> <span class='ocrx_word' id='word_1_154' title='bbox 348 2875 464 2980; x_wconf 83' lang='lat' dir='ltr'>longe</span> <span class='ocrx_word' id='word_1_155' title='bbox 501 2874 647 2978; x_wconf 84' lang='lat' dir='ltr'>lateque</span> <span class='ocrx_word' id='word_1_156' title='bbox 669 2869 845 2966; x_wconf 81' lang='lat' dir='ltr'>excurrit,</span> <span class='ocrx_word' id='word_1_157' title='bbox 880 2867 1077 2965; x_wconf 85' lang='lat' dir='ltr'>descensu,</span> <span class='ocrx_word' id='word_1_158' title='bbox 1118 2865 1255 2950; x_wconf 85' lang='lat' dir='ltr'>tandein</span> 
     </span>
     <span class='ocr_line' id='line_1_26' title="bbox 256 2977 1254 3086; baseline -0.002 -26"><span class='ocrx_word' id='word_1_159' title='bbox 256 2985 418 3062; x_wconf 87' lang='lat' dir='ltr'>alterum</span> <span class='ocrx_word' id='word_1_160' title='bbox 460 2982 556 3062; x_wconf 89' lang='lat' dir='ltr'>illud</span> <span class='ocrx_word' id='word_1_161' title='bbox 599 2977 880 3062; x_wconf 82' lang='lat' dir='ltr'>celeberrimum</span> <span class='ocrx_word' id='word_1_162' title='bbox 921 2982 1095 3063; x_wconf 86' lang='lat' dir='ltr'>Orientis</span> <span class='ocrx_word' id='word_1_163' title='bbox 1140 3003 1254 3086; x_wconf 88' lang='lat' dir='ltr'>empo-</span> 
     </span>
     <span class='ocr_line' id='line_1_27' title="bbox 257 3090 1253 3199; baseline -0.003 -30"><span class='ocrx_word' id='word_1_164' title='bbox 257 3093 376 3189; x_wconf 87' lang='lat' dir='ltr'>tiurn,</span> <span class='ocrx_word' id='word_1_165' title='bbox 409 3090 624 3189; x_wconf 87' lang='lat' dir='ltr'>llalebum,</span> <span class='ocrx_word' id='word_1_166' title='bbox 655 3096 756 3172; x_wconf 64' lang='lat' dir='ltr'>lectus</span> <span class='ocrx_word' id='word_1_167' title='bbox 791 3091 1012 3199; x_wconf 83' lang='lat' dir='ltr'>ingreditur,</span> <span class='ocrx_word' id='word_1_168' title='bbox 1043 3093 1158 3174; x_wconf 90' lang='lat' dir='ltr'>omni</span> <span class='ocrx_word' id='word_1_169' title='bbox 1182 3113 1253 3170; x_wconf 86' lang='lat' dir='ltr'>curn</span> 
     </span>
     <span class='ocr_line' id='line_1_28' title="bbox 257 3198 1252 3313; baseline -0.002 -32"><span class='ocrx_word' id='word_1_170' title='bbox 257 3198 493 3313; x_wconf 73' lang='lat' dir='ltr'>benignitate</span> <span class='ocrx_word' id='word_1_171' title='bbox 522 3211 561 3286; x_wconf 76' lang='lat' dir='ltr'>bc</span> <span class='ocrx_word' id='word_1_172' title='bbox 595 3205 715 3298; x_wconf 90' lang='lat' dir='ltr'>cultu,</span> <span class='ocrx_word' id='word_1_173' title='bbox 757 3230 868 3312; x_wconf 88' lang='lat' dir='ltr'>quem</span> <span class='ocrx_word' id='word_1_174' title='bbox 893 3207 1068 3310; x_wconf 85' lang='lat' dir='ltr'>praeclara</span> <span class='ocrx_word' id='word_1_175' title='bbox 1089 3205 1168 3313; x_wconf 82' lang='lat' dir='ltr'>ejus</span> <span class='ocrx_word' id='word_1_176' title='bbox 1193 3203 1252 3281; x_wconf 78' lang='lat' dir='ltr'>tit·</span> 
     </span>
     <span class='ocr_line' id='line_1_29' title="bbox 257 3311 1250 3424; baseline -0.002 -30"><span class='ocrx_word' id='word_1_177' title='bbox 257 3332 316 3394; x_wconf 84' lang='lat' dir='ltr'>tus</span> <span class='ocrx_word' id='word_1_178' title='bbox 373 3317 411 3394; x_wconf 74' lang='grc' dir='ltr'>ὅ(</span> <span class='ocrx_word' id='word_1_179' title='bbox 447 3318 566 3424; x_wconf 84' lang='lat' dir='ltr'>pietus</span> <span class='ocrx_word' id='word_1_180' title='bbox 601 3315 733 3394; x_wconf 77' lang='lat' dir='ltr'>interita</span> <span class='ocrx_word' id='word_1_181' title='bbox 766 3315 835 3410; x_wconf 83' lang='lat' dir='ltr'>est,</span> <span class='ocrx_word' id='word_1_182' title='bbox 869 3311 889 3392; x_wconf 70' lang='lat' dir='ltr'>{t</span> <span class='ocrx_word' id='word_1_183' title='bbox 921 3315 992 3396; x_wconf 86' lang='lat' dir='ltr'>suis</span> <span class='ocrx_word' id='word_1_184' title='bbox 1033 3318 1170 3422; x_wconf 83' lang='lat' dir='ltr'>Anglis</span> <span class='ocrx_word' id='word_1_185' title='bbox 1202 3341 1250 3395; x_wconf 84' lang='lat' dir='ltr'>en·</span> 
     </span>
     <span class='ocr_line' id='line_1_30' title="bbox 254 3423 1254 3533; baseline 0 -28"><span class='ocrx_word' id='word_1_186' title='bbox 254 3449 398 3533; x_wconf 79' lang='lat' dir='ltr'>ceptus.</span> <span class='ocrx_word' id='word_1_187' title='bbox 463 3431 634 3508; x_wconf 86' lang='lat' dir='ltr'>Tantum</span> <span class='ocrx_word' id='word_1_188' title='bbox 656 3423 900 3522; x_wconf 75' lang='lat' dir='ltr'>nerbalnerat,</span> <span class='ocrx_word' id='word_1_189' title='bbox 933 3447 975 3507; x_wconf 91' lang='lat' dir='ltr'>ut</span> <span class='ocrx_word' id='word_1_190' title='bbox 994 3423 1254 3518; x_wconf 72' lang='lat' dir='ltr'>bonamillani</span> 
     </span>
     <span class='ocr_line' id='line_1_31' title="bbox 256 3534 1253 3646; baseline -0.003 -29"><span class='ocrx_word' id='word_1_191' title='bbox 256 3565 368 3646; x_wconf 79' lang='lat' dir='ltr'>qttam</span> <span class='ocrx_word' id='word_1_192' title='bbox 390 3539 438 3617; x_wconf 82' lang='lat' dir='ltr'>de</span> <span class='ocrx_word' id='word_1_193' title='bbox 465 3542 534 3617; x_wconf 93' lang='lat' dir='ltr'>illo</span> <span class='ocrx_word' id='word_1_194' title='bbox 559 3565 605 3617; x_wconf 82' lang='lat' dir='ltr'>ex</span> <span class='ocrx_word' id='word_1_195' title='bbox 637 3536 735 3617; x_wconf 76' lang='lat' dir='ltr'>fonti.</span> <span class='ocrx_word' id='word_1_196' title='bbox 763 3541 978 3644; x_wconf 78' lang='lat' dir='ltr'>praenuneii</span> <span class='ocrx_word' id='word_1_197' title='bbox 1001 3534 1253 3645; x_wconf 79' lang='lat' dir='ltr'>concepill&#39;ent,</span> 
     </span>
     <span class='ocr_line' id='line_1_32' title="bbox 253 3647 1254 3758; baseline -0.001 -29"><span class='ocrx_word' id='word_1_198' title='bbox 253 3651 570 3730; x_wconf 75' lang='lat' dir='ltr'>existimationem</span> <span class='ocrx_word' id='word_1_199' title='bbox 597 3647 841 3743; x_wconf 77' lang='lat' dir='ltr'>l&#39;ruliraretur,</span> <span class='ocrx_word' id='word_1_200' title='bbox 884 3671 923 3730; x_wconf 93' lang='lat' dir='ltr'>ut</span> <span class='ocrx_word' id='word_1_201' title='bbox 948 3653 1052 3732; x_wconf 90' lang='lat' dir='ltr'>illam</span> <span class='ocrx_word' id='word_1_202' title='bbox 1072 3649 1254 3758; x_wconf 68' lang='lat' dir='ltr'>longipo</span> 
     </span>
     <span class='ocr_line' id='line_1_33' title="bbox 252 3761 1253 3867; baseline -0.004 -26"><span class='ocrx_word' id='word_1_203' title='bbox 252 3763 323 3844; x_wconf 76' lang='lat' dir='ltr'>iis</span> <span class='ocrx_word' id='word_1_204' title='bbox 345 3762 588 3867; x_wconf 68' lang='lat' dir='ltr'>superaverit.</span> <span class='ocrx_word' id='word_1_205' title='bbox 646 3761 736 3840; x_wconf 87' lang='lat' dir='ltr'>lude</span> <span class='ocrx_word' id='word_1_206' title='bbox 751 3785 899 3842; x_wconf 88' lang='lat' dir='ltr'>mutuus</span> <span class='ocrx_word' id='word_1_207' title='bbox 923 3761 1112 3844; x_wconf 87' lang='lat' dir='ltr'>illeanrot</span> <span class='ocrx_word' id='word_1_208' title='bbox 1129 3761 1253 3842; x_wconf 74' lang='lat' dir='ltr'>landu-</span> 
     </span>
     <span class='ocr_line' id='line_1_34' title="bbox 254 3870 1255 4061; baseline -0.002 -109"><span class='ocrx_word' id='word_1_209' title='bbox 254 3899 326 3984; x_wconf 75' lang='lat' dir='ltr'>qte</span> <span class='ocrx_word' id='word_1_210' title='bbox 350 3875 515 3955; x_wconf 51' lang='lat' dir='ltr'>nini-itis</span> <span class='ocrx_word' id='word_1_211' title='bbox 539 3871 632 3952; x_wconf 75' lang='lat' dir='ltr'>initi</span> <span class='ocrx_word' id='word_1_212' title='bbox 651 3871 717 3976; x_wconf 66' lang='lat' dir='ltr'>eli,</span> <span class='ocrx_word' id='word_1_213' title='bbox 746 3874 957 3981; x_wconf 70' lang='lat' dir='ltr'>qualibus,</span> <span class='ocrx_word' id='word_1_214' title='bbox 990 3870 1120 3985; x_wconf 81' lang='lat' dir='ltr'>sopito</span> <span class='ocrx_word' id='word_1_215' title='bbox 1136 3872 1255 4061; x_wconf 41' lang='lat' dir='ltr'>tte-dics,</span> 
     </span>
     <span class='ocr_line' id='line_1_35' title="bbox 1159 4009 1232 4090; baseline 0 -28"><span class='ocrx_word' id='word_1_216' title='bbox 1159 4009 1232 4090; x_wconf 89' lang='lat' dir='ltr'>quo</span> 
     </span>
    </p>
   </div>
   <div class='ocr_carea' id='block_1_3' title="bbox 0 0 1308 4454">
    <p class='ocr_par' dir='ltr' id='par_1_3' title="bbox 0 0 1308 4454">
     <span class='ocr_line' id='line_1_36' title="bbox 0 0 1308 4454; baseline 0 0"><span class='ocrx_word' id='word_1_217' title='bbox 0 0 1308 4454; x_wconf 95' lang='lat' dir='ltr'> </span> 
     </span>
    </p>
   </div>
  </div>
 </body>
</html>
