<?xml version="1.0" encoding="UTF-8"?>
<!DOCTYPE html PUBLIC "-//W3C//DTD XHTML 1.0 Transitional//EN"
    "http://www.w3.org/TR/xhtml1/DTD/xhtml1-transitional.dtd">
<html xmlns="http://www.w3.org/1999/xhtml" xml:lang="en" lang="en">
 <head>
  <title>
</title>
<meta http-equiv="Content-Type" content="text/html;charset=utf-8" />
  <meta name='ocr-system' content='tesseract 3.04.00' />
  <meta name='ocr-capabilities' content='ocr_page ocr_carea ocr_par ocr_line ocrx_word'/>
</head>
<body>
  <div class='ocr_page' id='page_1' title='image "./rogeriaschamiep00sturgoog_0801.png"; bbox 0 0 2646 4448; ppageno 0'>
   <div class='ocr_carea' id='block_1_1' title="bbox 13 159 1104 306">
    <p class='ocr_par' dir='ltr' id='par_1_1' title="bbox 13 159 1104 306">
     <span class='ocr_line' id='line_1_1' title="bbox 13 159 1104 306; baseline 0.003 -44"><span class='ocrx_word' id='word_1_1' title='bbox 13 169 28 263; x_wconf 73' lang='lat' dir='ltr'>t</span> <span class='ocrx_word' id='word_1_2' title='bbox 194 161 774 278; x_wconf 74' lang='lat' dir='ltr'>uunannrnur</span> <span class='ocrx_word' id='word_1_3' title='bbox 816 159 1004 265; x_wconf 76' lang='lat' dir='ltr'>ntra</span> <span class='ocrx_word' id='word_1_4' title='bbox 1074 201 1104 306; x_wconf 78' lang='lat'>7</span> 
     </span>
    </p>
   </div>
   <div class='ocr_carea' id='block_1_2' title="bbox 1 325 1147 3989">
    <p class='ocr_par' dir='ltr' id='par_1_2' title="bbox 1 325 1147 3989">
     <span class='ocr_line' id='line_1_2' title="bbox 12 325 1108 433; baseline 0.005 -21"><span class='ocrx_word' id='word_1_5' title='bbox 12 359 26 413; x_wconf 75' lang='lat' dir='ltr'>t:</span> <span class='ocrx_word' id='word_1_6' title='bbox 91 329 281 433; x_wconf 83' lang='lat' dir='ltr'>sessorem,</span> <span class='ocrx_word' id='word_1_7' title='bbox 305 333 346 414; x_wconf 97' lang='grc'>8(</span> <span class='ocrx_word' id='word_1_8' title='bbox 371 325 537 414; x_wconf 81' lang='lat' dir='ltr'>Ecclefiae</span> <span class='ocrx_word' id='word_1_9' title='bbox 565 327 810 412; x_wconf 84' lang='lat' dir='ltr'>Cathedrasis</span> <span class='ocrx_word' id='word_1_10' title='bbox 835 327 1108 418; x_wconf 81' lang='lat' dir='ltr'>Sarisberiensrs</span> 
     </span>
     <span class='ocr_line' id='line_1_3' title="bbox 14 441 1110 550; baseline 0.005 -24"><span class='ocrx_word' id='word_1_11' title='bbox 14 473 26 526; x_wconf 84' lang='lat' dir='ltr'>r</span> <span class='ocrx_word' id='word_1_12' title='bbox 92 441 413 544; x_wconf 73' lang='lat' dir='ltr'>Praebendurium</span> <span class='ocrx_word' id='word_1_13' title='bbox 431 459 523 523; x_wconf 88' lang='lat' dir='ltr'>tunc</span> <span class='ocrx_word' id='word_1_14' title='bbox 539 441 820 550; x_wconf 85' lang='lat' dir='ltr'>Collegiiillius</span> <span class='ocrx_word' id='word_1_15' title='bbox 844 441 1011 546; x_wconf 81' lang='lat' dir='ltr'>Sotium,</span> <span class='ocrx_word' id='word_1_16' title='bbox 1039 475 1110 532; x_wconf 91' lang='lat' dir='ltr'>au·</span> 
     </span>
     <span class='ocr_line' id='line_1_4' title="bbox 11 551 1112 666; baseline 0.001 -25"><span class='ocrx_word' id='word_1_17' title='bbox 11 589 26 642; x_wconf 83' lang='lat' dir='ltr'>t:</span> <span class='ocrx_word' id='word_1_18' title='bbox 92 556 246 666; x_wconf 88' lang='lat' dir='ltr'>spicato</span> <span class='ocrx_word' id='word_1_19' title='bbox 260 553 413 636; x_wconf 86' lang='lat' dir='ltr'>sortitus</span> <span class='ocrx_word' id='word_1_20' title='bbox 427 551 503 658; x_wconf 55' lang='lat' dir='ltr'>este</span> <span class='ocrx_word' id='word_1_21' title='bbox 536 554 638 661; x_wconf 84' lang='lat' dir='ltr'>cujus</span> <span class='ocrx_word' id='word_1_22' title='bbox 654 551 832 661; x_wconf 85' lang='lat' dir='ltr'>prudenti</span> <span class='ocrx_word' id='word_1_23' title='bbox 853 554 1023 656; x_wconf 73' lang='lat' dir='ltr'>condrio,</span> <span class='ocrx_word' id='word_1_24' title='bbox 1050 561 1112 642; x_wconf 54' lang='lat' dir='ltr'>in*</span> 
     </span>
     <span class='ocr_line' id='line_1_5' title="bbox 10 662 1111 774; baseline -0.003 -18"><span class='ocrx_word' id='word_1_25' title='bbox 10 702 22 756; x_wconf 77' lang='grc' dir='ltr'>ε</span> <span class='ocrx_word' id='word_1_26' title='bbox 93 662 438 765; x_wconf 68' lang='lat' dir='ltr'>sanctornm&amp;</span> <span class='ocrx_word' id='word_1_27' title='bbox 467 663 661 774; x_wconf 83' lang='lat' dir='ltr'>praeceptis</span> <span class='ocrx_word' id='word_1_28' title='bbox 693 664 874 772; x_wconf 88' lang='lat' dir='ltr'>repetitis.</span> <span class='ocrx_word' id='word_1_29' title='bbox 903 662 1111 754; x_wconf 88' lang='lat' dir='ltr'>secundum</span> 
     </span>
     <span class='ocr_line' id='line_1_6' title="bbox 10 772 1113 887; baseline 0.012 -35"><span class='ocrx_word' id='word_1_30' title='bbox 10 815 23 868; x_wconf 52' lang='lat' dir='ltr'>r</span> <span class='ocrx_word' id='word_1_31' title='bbox 94 784 239 880; x_wconf 90' lang='lat' dir='ltr'>Deum,</span> <span class='ocrx_word' id='word_1_32' title='bbox 267 777 483 887; x_wconf 86' lang='lat' dir='ltr'>ingentium</span> <span class='ocrx_word' id='word_1_33' title='bbox 509 774 678 872; x_wconf 87' lang='lat' dir='ltr'>istorum,</span> <span class='ocrx_word' id='word_1_34' title='bbox 718 799 813 884; x_wconf 83' lang='lat' dir='ltr'>quos</span> <span class='ocrx_word' id='word_1_35' title='bbox 840 772 968 884; x_wconf 86' lang='lat' dir='ltr'>postea</span> <span class='ocrx_word' id='word_1_36' title='bbox 988 781 1113 864; x_wconf 77' lang='lat' dir='ltr'>admi·</span> 
     </span>
     <span class='ocr_line' id='line_1_7' title="bbox 8 884 1113 997; baseline 0.004 -23"><span class='ocrx_word' id='word_1_37' title='bbox 8 904 22 983; x_wconf 73' lang='lat' dir='ltr'>&#39;r</span> <span class='ocrx_word' id='word_1_38' title='bbox 96 891 216 974; x_wconf 79' lang='lat' dir='ltr'>tandi</span> <span class='ocrx_word' id='word_1_39' title='bbox 246 888 425 972; x_wconf 75' lang='lat' dir='ltr'>industrii</span> <span class='ocrx_word' id='word_1_40' title='bbox 455 887 596 983; x_wconf 74' lang='lat' dir='ltr'>fecerit,</span> <span class='ocrx_word' id='word_1_41' title='bbox 632 887 675 969; x_wconf 89' lang='lat' dir='ltr'>in</span> <span class='ocrx_word' id='word_1_42' title='bbox 693 884 820 970; x_wconf 69' lang='lat' dir='ltr'>siurbis</span> <span class='ocrx_word' id='word_1_43' title='bbox 854 888 1113 997; x_wconf 70' lang='lat' dir='ltr'>progressuum</span> 
     </span>
     <span class='ocr_line' id='line_1_8' title="bbox 8 992 1115 1112; baseline 0.005 -28"><span class='ocrx_word' id='word_1_44' title='bbox 8 1041 22 1097; x_wconf 80' lang='lat'>;:</span> <span class='ocrx_word' id='word_1_45' title='bbox 99 1003 213 1112; x_wconf 85' lang='lat' dir='ltr'>iniria</span> <span class='ocrx_word' id='word_1_46' title='bbox 231 999 357 1086; x_wconf 85' lang='lat' dir='ltr'>debet.</span> <span class='ocrx_word' id='word_1_47' title='bbox 412 998 534 1083; x_wconf 89' lang='lat' dir='ltr'>Tanti</span> <span class='ocrx_word' id='word_1_48' title='bbox 545 992 599 1081; x_wconf 77' lang='lat' dir='ltr'>est</span> <span class='ocrx_word' id='word_1_49' title='bbox 616 992 741 1082; x_wconf 87' lang='lat' dir='ltr'>bonos</span> <span class='ocrx_word' id='word_1_50' title='bbox 753 994 1015 1112; x_wconf 87' lang='lat' dir='ltr'>sapientesque</span> <span class='ocrx_word' id='word_1_51' title='bbox 1029 1008 1115 1088; x_wconf 87' lang='lat' dir='ltr'>Ma·</span> 
     </span>
     <span class='ocr_line' id='line_1_9' title="bbox 100 1106 1116 1223; baseline 0.009 -31.161"><span class='ocrx_word' id='word_1_52' title='bbox 100 1113 235 1223; x_wconf 82' lang='lat' dir='ltr'>gisttoa</span> <span class='ocrx_word' id='word_1_53' title='bbox 270 1108 448 1223; x_wconf 87' lang='lat' dir='ltr'>reperire,</span> <span class='ocrx_word' id='word_1_54' title='bbox 491 1106 630 1221; x_wconf 79' lang='lat' dir='ltr'>quibus</span> <span class='ocrx_word' id='word_1_55' title='bbox 658 1135 740 1193; x_wconf 91' lang='lat' dir='ltr'>nou</span> <span class='ocrx_word' id='word_1_56' title='bbox 773 1133 909 1216; x_wconf 86' lang='lat' dir='ltr'>parum</span> <span class='ocrx_word' id='word_1_57' title='bbox 941 1115 1046 1200; x_wconf 87' lang='lat' dir='ltr'>cedit</span> <span class='ocrx_word' id='word_1_58' title='bbox 1073 1119 1116 1201; x_wconf 89' lang='lat' dir='ltr'>in</span> 
     </span>
     <span class='ocr_line' id='line_1_10' title="bbox 6 1218 1042 1337; baseline 0.007 -34"><span class='ocrx_word' id='word_1_59' title='bbox 6 1273 17 1326; x_wconf 46' lang='grc' dir='ltr'>ς,</span> <span class='ocrx_word' id='word_1_60' title='bbox 95 1224 277 1337; x_wconf 80' lang='lat' dir='ltr'><strong>gloriam,</strong></span> <span class='ocrx_word' id='word_1_61' title='bbox 304 1219 554 1332; x_wconf 84' lang='lat' dir='ltr'>aDiscipulis</span> <span class='ocrx_word' id='word_1_62' title='bbox 565 1218 640 1302; x_wconf 85' lang='lat' dir='ltr'>suis</span> <span class='ocrx_word' id='word_1_63' title='bbox 653 1220 847 1304; x_wconf 87' lang='lat' dir='ltr'>interdum</span> <span class='ocrx_word' id='word_1_64' title='bbox 863 1220 1042 1331; x_wconf 87' lang='lat' dir='ltr'>superari.</span> 
     </span>
     <span class='ocr_line' id='line_1_11' title="bbox 5 1327 1118 1444; baseline 0.004 -24"><span class='ocrx_word' id='word_1_65' title='bbox 5 1379 20 1438; x_wconf 61' lang='lat'>„¹</span> <span class='ocrx_word' id='word_1_66' title='bbox 160 1333 224 1420; x_wconf 86' lang='lat' dir='ltr'>Ab</span> <span class='ocrx_word' id='word_1_67' title='bbox 255 1332 356 1418; x_wconf 89' lang='lat' dir='ltr'>bisce</span> <span class='ocrx_word' id='word_1_68' title='bbox 386 1327 644 1415; x_wconf 82' lang='lat' dir='ltr'>laudatissimis</span> <span class='ocrx_word' id='word_1_69' title='bbox 672 1330 850 1444; x_wconf 88' lang='lat' dir='ltr'>auspiciis</span> <span class='ocrx_word' id='word_1_70' title='bbox 886 1335 1012 1439; x_wconf 86' lang='lat' dir='ltr'>nihil,</span> <span class='ocrx_word' id='word_1_71' title='bbox 1048 1335 1118 1424; x_wconf 74' lang='lat' dir='ltr'>nisi</span> 
     </span>
     <span class='ocr_line' id='line_1_12' title="bbox 5 1442 1119 1560; baseline 0.004 -31"><span class='ocrx_word' id='word_1_72' title='bbox 5 1473 18 1552; x_wconf 71' lang='lat' dir='ltr'>t:</span> <span class='ocrx_word' id='word_1_73' title='bbox 101 1446 249 1558; x_wconf 86' lang='lat' dir='ltr'><strong>grande</strong></span> <span class='ocrx_word' id='word_1_74' title='bbox 267 1449 308 1530; x_wconf 88' lang='grc'>8(</span> <span class='ocrx_word' id='word_1_75' title='bbox 326 1443 491 1528; x_wconf 68' lang='lat' dir='ltr'>maxime</span> <span class='ocrx_word' id='word_1_76' title='bbox 509 1442 764 1542; x_wconf 79' lang='lat' dir='ltr'>laudandum.</span> <span class='ocrx_word' id='word_1_77' title='bbox 788 1444 993 1554; x_wconf 74' lang='lat' dir='ltr'>exspedtari</span> <span class='ocrx_word' id='word_1_78' title='bbox 1008 1469 1119 1560; x_wconf 89' lang='lat' dir='ltr'>pote·</span> 
     </span>
     <span class='ocr_line' id='line_1_13' title="bbox 4 1553 1120 1670; baseline 0.004 -32"><span class='ocrx_word' id='word_1_79' title='bbox 4 1613 15 1666; x_wconf 46' lang='grc' dir='ltr'><em>Ξ</em></span> <span class='ocrx_word' id='word_1_80' title='bbox 101 1579 194 1642; x_wconf 89' lang='lat' dir='ltr'>rat:</span> <span class='ocrx_word' id='word_1_81' title='bbox 222 1583 344 1664; x_wconf 85' lang='lat' dir='ltr'>neque</span> <span class='ocrx_word' id='word_1_82' title='bbox 362 1556 464 1638; x_wconf 88' lang='lat' dir='ltr'>hanc</span> <span class='ocrx_word' id='word_1_83' title='bbox 481 1553 637 1638; x_wconf 88' lang='lat' dir='ltr'>suorum</span> <span class='ocrx_word' id='word_1_84' title='bbox 657 1556 758 1665; x_wconf 89' lang='lat' dir='ltr'>spem</span> <span class='ocrx_word' id='word_1_85' title='bbox 782 1579 849 1637; x_wconf 89' lang='lat' dir='ltr'>aut</span> <span class='ocrx_word' id='word_1_86' title='bbox 872 1555 1120 1670; x_wconf 64' lang='lat' dir='ltr'>exspectatio-</span> 
     </span>
     <span class='ocr_line' id='line_1_14' title="bbox 3 1665 1121 1776; baseline 0.004 -23"><span class='ocrx_word' id='word_1_87' title='bbox 3 1719 16 1776; x_wconf 61' lang='grc' dir='ltr'><em>ς</em></span> <span class='ocrx_word' id='word_1_88' title='bbox 102 1695 196 1755; x_wconf 87' lang='lat' dir='ltr'>nem</span> <span class='ocrx_word' id='word_1_89' title='bbox 209 1668 404 1754; x_wconf 85' lang='lat' dir='ltr'>frustratus</span> <span class='ocrx_word' id='word_1_90' title='bbox 419 1667 482 1749; x_wconf 81' lang='lat' dir='ltr'>est.</span> <span class='ocrx_word' id='word_1_91' title='bbox 538 1673 624 1748; x_wconf 89' lang='lat' dir='ltr'>Hoc</span> <span class='ocrx_word' id='word_1_92' title='bbox 640 1667 744 1747; x_wconf 85' lang='lat' dir='ltr'>enim</span> <span class='ocrx_word' id='word_1_93' title='bbox 759 1665 917 1750; x_wconf 84' lang='lat' dir='ltr'>studium</span> <span class='ocrx_word' id='word_1_94' title='bbox 935 1671 1059 1755; x_wconf 88' lang='lat' dir='ltr'>sausto</span> <span class='ocrx_word' id='word_1_95' title='bbox 1080 1676 1121 1758; x_wconf 85' lang='grc'>8(</span> 
     </span>
     <span class='ocr_line' id='line_1_15' title="bbox 3 1775 1122 1890; baseline 0.004 -27"><span class='ocrx_word' id='word_1_96' title='bbox 3 1841 17 1886; x_wconf 24' lang='grc' dir='ltr'>,μ</span> <span class='ocrx_word' id='word_1_97' title='bbox 103 1781 210 1865; x_wconf 72' lang='lat' dir='ltr'>retro</span> <span class='ocrx_word' id='word_1_98' title='bbox 238 1775 550 1890; x_wconf 81' lang='lat' dir='ltr'>pede.iugress&#39;m‚</span> <span class='ocrx_word' id='word_1_99' title='bbox 593 1780 744 1886; x_wconf 85' lang='lat' dir='ltr'>magnis</span> <span class='ocrx_word' id='word_1_100' title='bbox 761 1780 1056 1866; x_wconf 85' lang='lat' dir='ltr'>continentibus</span> <span class='ocrx_word' id='word_1_101' title='bbox 1074 1811 1122 1868; x_wconf 89' lang='lat' dir='ltr'>ue</span> 
     </span>
     <span class='ocr_line' id='line_1_16' title="bbox 1 1811 1124 2004; baseline 0.007 -34"><span class='ocrx_word' id='word_1_102' title='bbox 1 1946 16 2004; x_wconf 64' lang='lat'>3</span> <span class='ocrx_word' id='word_1_103' title='bbox 104 1887 289 2003; x_wconf 83' lang='lat' dir='ltr'>greffibns</span> <span class='ocrx_word' id='word_1_104' title='bbox 317 1889 369 1972; x_wconf 89' lang='lat' dir='ltr'>ad</span> <span class='ocrx_word' id='word_1_105' title='bbox 398 1909 540 1972; x_wconf 88' lang='lat' dir='ltr'>metam</span> <span class='ocrx_word' id='word_1_106' title='bbox 566 1887 838 1990; x_wconf 87' lang='lat' dir='ltr'>contendebat,</span> <span class='ocrx_word' id='word_1_107' title='bbox 866 1895 975 1976; x_wconf 89' lang='lat' dir='ltr'>nullo</span> <span class='ocrx_word' id='word_1_108' title='bbox 1000 1811 1124 1978; x_wconf 62' lang='lat' dir='ltr'>obbass</span> 
     </span>
     <span class='ocr_line' id='line_1_17' title="bbox 109 1998 1126 2103; baseline 0.005 -19"><span class='ocrx_word' id='word_1_109' title='bbox 109 2006 212 2102; x_wconf 85' lang='lat' dir='ltr'>culo,</span> <span class='ocrx_word' id='word_1_110' title='bbox 240 2000 394 2086; x_wconf 82' lang='lat' dir='ltr'>salebris</span> <span class='ocrx_word' id='word_1_111' title='bbox 412 2003 523 2084; x_wconf 87' lang='lat' dir='ltr'>nullis</span> <span class='ocrx_word' id='word_1_112' title='bbox 539 1998 723 2082; x_wconf 78' lang='lat' dir='ltr'>sistendus.</span> <span class='ocrx_word' id='word_1_113' title='bbox 780 2003 886 2103; x_wconf 92' lang='lat' dir='ltr'>Quid</span> <span class='ocrx_word' id='word_1_114' title='bbox 910 2028 1039 2087; x_wconf 89' lang='lat' dir='ltr'>autem</span> <span class='ocrx_word' id='word_1_115' title='bbox 1063 2010 1126 2090; x_wconf 86' lang='lat' dir='ltr'>in-</span> 
     </span>
     <span class='ocr_line' id='line_1_18' title="bbox 2 2109 1126 2224; baseline 0.001 -26"><span class='ocrx_word' id='word_1_116' title='bbox 2 2147 9 2186; x_wconf 70' lang='lat'><em>:</em></span> <span class='ocrx_word' id='word_1_117' title='bbox 108 2111 259 2198; x_wconf 82' lang='lat' dir='ltr'>defessae</span> <span class='ocrx_word' id='word_1_118' title='bbox 274 2109 478 2213; x_wconf 81' lang='lat' dir='ltr'>industria,</span> <span class='ocrx_word' id='word_1_119' title='bbox 508 2110 640 2213; x_wconf 80' lang='lat' dir='ltr'>fratte,</span> <span class='ocrx_word' id='word_1_120' title='bbox 668 2114 869 2214; x_wconf 65' lang='lat' dir='ltr'>methodo</span> <span class='ocrx_word' id='word_1_121' title='bbox 896 2117 1040 2224; x_wconf 87' lang='lat' dir='ltr'>judicio</span> <span class='ocrx_word' id='word_1_122' title='bbox 1059 2119 1126 2201; x_wconf 87' lang='lat' dir='ltr'>ad·</span> 
     </span>
     <span class='ocr_line' id='line_1_19' title="bbox 111 2219 1128 2336; baseline -0.001 -26"><span class='ocrx_word' id='word_1_123' title='bbox 111 2229 278 2336; x_wconf 87' lang='lat' dir='ltr'>juvetur,</span> <span class='ocrx_word' id='word_1_124' title='bbox 325 2219 543 2336; x_wconf 81' lang='lat' dir='ltr'>potestesse</span> <span class='ocrx_word' id='word_1_125' title='bbox 573 2220 764 2322; x_wconf 86' lang='lat' dir='ltr'>inausum,</span> <span class='ocrx_word' id='word_1_126' title='bbox 792 2223 1028 2330; x_wconf 86' lang='lat' dir='ltr'>inaccessum,</span> <span class='ocrx_word' id='word_1_127' title='bbox 1056 2233 1128 2312; x_wconf 80' lang='lat' dir='ltr'>inr-</span> 
     </span>
     <span class='ocr_line' id='line_1_20' title="bbox 4 2333 1128 2452; baseline 0.004 -32"><span class='ocrx_word' id='word_1_128' title='bbox 4 2379 10 2452; x_wconf 29' lang='grc' dir='ltr'><strong>ὲ</strong></span> <span class='ocrx_word' id='word_1_129' title='bbox 110 2339 320 2448; x_wconf 84' lang='lat' dir='ltr'>pervium?</span> <span class='ocrx_word' id='word_1_130' title='bbox 358 2333 444 2441; x_wconf 82' lang='lat' dir='ltr'>Jam</span> <span class='ocrx_word' id='word_1_131' title='bbox 461 2333 534 2419; x_wconf 89' lang='lat' dir='ltr'>sese</span> <span class='ocrx_word' id='word_1_132' title='bbox 556 2338 772 2417; x_wconf 71' lang='lat' dir='ltr'>accinxerat</span> <span class='ocrx_word' id='word_1_133' title='bbox 791 2335 915 2420; x_wconf 85' lang='lat' dir='ltr'>noster</span> <span class='ocrx_word' id='word_1_134' title='bbox 930 2337 979 2422; x_wconf 85' lang='lat' dir='ltr'>ad</span> <span class='ocrx_word' id='word_1_135' title='bbox 995 2341 1128 2425; x_wconf 88' lang='lat' dir='ltr'>seriam</span> 
     </span>
     <span class='ocr_line' id='line_1_21' title="bbox 110 2449 1131 2558; baseline 0.003 -26"><span class='ocrx_word' id='word_1_136' title='bbox 110 2469 401 2557; x_wconf 87' lang='lat' dir='ltr'>accuratamque</span> <span class='ocrx_word' id='word_1_137' title='bbox 444 2449 674 2558; x_wconf 84' lang='lat' dir='ltr'>Scriptorum</span> <span class='ocrx_word' id='word_1_138' title='bbox 711 2450 848 2528; x_wconf 83' lang='lat' dir='ltr'>veteris</span> <span class='ocrx_word' id='word_1_139' title='bbox 895 2455 1047 2534; x_wconf 74' lang='lat' dir='ltr'>Gracia</span> <span class='ocrx_word' id='word_1_140' title='bbox 1088 2459 1131 2535; x_wconf 82' lang='grc'>8(</span> 
     </span>
     <span class='ocr_line' id='line_1_22' title="bbox 111 2556 1130 2672; baseline 0.001 -27"><span class='ocrx_word' id='word_1_141' title='bbox 111 2565 264 2660; x_wconf 85' lang='lat' dir='ltr'>Romae,</span> <span class='ocrx_word' id='word_1_142' title='bbox 303 2584 399 2668; x_wconf 87' lang='lat' dir='ltr'>quos</span> <span class='ocrx_word' id='word_1_143' title='bbox 430 2559 565 2641; x_wconf 88' lang='lat' dir='ltr'>Critici</span> <span class='ocrx_word' id='word_1_144' title='bbox 604 2558 787 2665; x_wconf 83' lang='lat' dir='ltr'>hujus&amp;</span> <span class='ocrx_word' id='word_1_145' title='bbox 820 2556 1022 2672; x_wconf 84' lang='lat' dir='ltr'>superioris</span> <span class='ocrx_word' id='word_1_146' title='bbox 1046 2567 1130 2664; x_wconf 85' lang='lat' dir='ltr'>aevi,</span> 
     </span>
     <span class='ocr_line' id='line_1_23' title="bbox 114 2667 1133 2782; baseline 0.003 -28"><span class='ocrx_word' id='word_1_147' title='bbox 114 2697 191 2782; x_wconf 91' lang='lat' dir='ltr'>ope</span> <span class='ocrx_word' id='word_1_148' title='bbox 213 2671 390 2754; x_wconf 91' lang='lat' dir='ltr'>codicum</span> <span class='ocrx_word' id='word_1_149' title='bbox 407 2695 523 2754; x_wconf 91' lang='lat' dir='ltr'>manu</span> <span class='ocrx_word' id='word_1_150' title='bbox 544 2689 787 2754; x_wconf 84' lang='lat' dir='ltr'>exaratorum</span> <span class='ocrx_word' id='word_1_151' title='bbox 815 2667 837 2749; x_wconf 71' lang='lat' dir='ltr'>a</span> <span class='ocrx_word' id='word_1_152' title='bbox 866 2671 1014 2757; x_wconf 90' lang='lat' dir='ltr'>mendis</span> <span class='ocrx_word' id='word_1_153' title='bbox 1042 2701 1133 2782; x_wconf 91' lang='lat' dir='ltr'>pur·</span> 
     </span>
     <span class='ocr_line' id='line_1_24' title="bbox 114 2780 1134 2894; baseline 0.001 -27"><span class='ocrx_word' id='word_1_154' title='bbox 114 2804 239 2894; x_wconf 87' lang='lat' dir='ltr'>gatos,</span> <span class='ocrx_word' id='word_1_155' title='bbox 267 2780 656 2864; x_wconf 83' lang='lat' dir='ltr'>animadverfionibus</span> <span class='ocrx_word' id='word_1_156' title='bbox 683 2787 726 2866; x_wconf 93' lang='grc'>8(</span> <span class='ocrx_word' id='word_1_157' title='bbox 744 2787 1024 2868; x_wconf 84' lang='lat' dir='ltr'>commentariis</span> <span class='ocrx_word' id='word_1_158' title='bbox 1050 2791 1134 2869; x_wconf 86' lang='lat' dir='ltr'>illu-</span> 
     </span>
     <span class='ocr_line' id='line_1_25' title="bbox 115 2893 1135 3007; baseline 0.003 -29"><span class='ocrx_word' id='word_1_159' title='bbox 115 2897 292 2994; x_wconf 86' lang='lat' dir='ltr'>strarunt,</span> <span class='ocrx_word' id='word_1_160' title='bbox 320 2894 544 2975; x_wconf 70' lang='lat' dir='ltr'>ledionem:</span> <span class='ocrx_word' id='word_1_161' title='bbox 575 2893 837 3004; x_wconf 79' lang='lat' dir='ltr'>philologiam</span> <span class='ocrx_word' id='word_1_162' title='bbox 857 2897 959 2978; x_wconf 89' lang='lat' dir='ltr'>enim</span> <span class='ocrx_word' id='word_1_163' title='bbox 974 2901 1014 2981; x_wconf 90' lang='grc'>8(</span> <span class='ocrx_word' id='word_1_164' title='bbox 1034 2902 1135 3007; x_wconf 91' lang='lat' dir='ltr'>poli-</span> 
     </span>
     <span class='ocr_line' id='line_1_26' title="bbox 1 3002 1137 3121; baseline 0.008 -34"><span class='ocrx_word' id='word_1_165' title='bbox 1 3007 3 3017; x_wconf 80' lang='grc'>’</span> <span class='ocrx_word' id='word_1_166' title='bbox 116 3008 229 3090; x_wconf 85' lang='lat' dir='ltr'>tioris</span> <span class='ocrx_word' id='word_1_167' title='bbox 255 3006 454 3088; x_wconf 79' lang='lat' dir='ltr'>literaturae</span> <span class='ocrx_word' id='word_1_168' title='bbox 481 3004 644 3087; x_wconf 89' lang='lat' dir='ltr'>studium</span> <span class='ocrx_word' id='word_1_169' title='bbox 666 3002 875 3114; x_wconf 86' lang='lat' dir='ltr'>deperibat,</span> <span class='ocrx_word' id='word_1_170' title='bbox 903 3034 1137 3121; x_wconf 86' lang='lat' dir='ltr'>magnorum</span> 
     </span>
     <span class='ocr_line' id='line_1_27' title="bbox 119 3115 1138 3224; baseline 0.006 -26"><span class='ocrx_word' id='word_1_171' title='bbox 119 3120 316 3214; x_wconf 88' lang='lat' dir='ltr'>Virorum,</span> <span class='ocrx_word' id='word_1_172' title='bbox 357 3141 520 3224; x_wconf 91' lang='lat' dir='ltr'>quorum</span> <span class='ocrx_word' id='word_1_173' title='bbox 536 3115 675 3196; x_wconf 88' lang='lat' dir='ltr'>samam</span> <span class='ocrx_word' id='word_1_174' title='bbox 697 3120 891 3200; x_wconf 84' lang='lat' dir='ltr'>aemnlntns</span> <span class='ocrx_word' id='word_1_175' title='bbox 917 3118 981 3217; x_wconf 87' lang='lat' dir='ltr'>est,</span> <span class='ocrx_word' id='word_1_176' title='bbox 1011 3148 1138 3204; x_wconf 84' lang='lat' dir='ltr'>exem·</span> 
     </span>
     <span class='ocr_line' id='line_1_28' title="bbox 118 3227 1138 3340; baseline 0.004 -28"><span class='ocrx_word' id='word_1_177' title='bbox 118 3232 189 3340; x_wconf 88' lang='lat' dir='ltr'>plo</span> <span class='ocrx_word' id='word_1_178' title='bbox 203 3229 394 3310; x_wconf 88' lang='lat' dir='ltr'>incitatus.</span> <span class='ocrx_word' id='word_1_179' title='bbox 449 3227 520 3310; x_wconf 88' lang='lat' dir='ltr'>Sed</span> <span class='ocrx_word' id='word_1_180' title='bbox 534 3253 600 3307; x_wconf 93' lang='lat' dir='ltr'>ncc</span> <span class='ocrx_word' id='word_1_181' title='bbox 616 3227 781 3336; x_wconf 83' lang='lat' dir='ltr'>angustis</span> <span class='ocrx_word' id='word_1_182' title='bbox 801 3233 898 3311; x_wconf 85' lang='lat' dir='ltr'>Latii</span> <span class='ocrx_word' id='word_1_183' title='bbox 922 3235 962 3312; x_wconf 93' lang='grc'>8(</span> <span class='ocrx_word' id='word_1_184' title='bbox 985 3237 1138 3316; x_wconf 85' lang='lat' dir='ltr'>Graeciae</span> 
     </span>
     <span class='ocr_line' id='line_1_29' title="bbox 121 3339 1140 3448; baseline 0.006 -26"><span class='ocrx_word' id='word_1_185' title='bbox 121 3339 309 3423; x_wconf 88' lang='lat' dir='ltr'>limitibus</span> <span class='ocrx_word' id='word_1_186' title='bbox 329 3340 524 3448; x_wconf 85' lang='lat' dir='ltr'>ingenium</span> <span class='ocrx_word' id='word_1_187' title='bbox 536 3340 634 3422; x_wconf 87' lang='lat' dir='ltr'>illius</span> <span class='ocrx_word' id='word_1_188' title='bbox 649 3360 728 3420; x_wconf 88' lang='lat' dir='ltr'>etat</span> <span class='ocrx_word' id='word_1_189' title='bbox 747 3343 1011 3425; x_wconf 85' lang='lat' dir='ltr'>coercendum.</span> <span class='ocrx_word' id='word_1_190' title='bbox 1068 3349 1140 3429; x_wconf 77' lang='lat' dir='ltr'>His</span> 
     </span>
     <span class='ocr_line' id='line_1_30' title="bbox 120 3449 1139 3563; baseline 0.007 -31"><span class='ocrx_word' id='word_1_191' title='bbox 120 3455 226 3535; x_wconf 88' lang='lat' dir='ltr'>enim</span> <span class='ocrx_word' id='word_1_192' title='bbox 248 3477 319 3559; x_wconf 93' lang='lat' dir='ltr'>pro</span> <span class='ocrx_word' id='word_1_193' title='bbox 340 3470 512 3559; x_wconf 88' lang='lat' dir='ltr'>tempore</span> <span class='ocrx_word' id='word_1_194' title='bbox 530 3449 678 3551; x_wconf 77' lang='lat' dir='ltr'>resistis,</span> <span class='ocrx_word' id='word_1_195' title='bbox 712 3453 952 3550; x_wconf 79' lang='lat' dir='ltr'>Palaestinam,</span> <span class='ocrx_word' id='word_1_196' title='bbox 978 3456 1139 3563; x_wconf 84' lang='lat' dir='ltr'>Syrium,</span> 
     </span>
     <span class='ocr_line' id='line_1_31' title="bbox 125 3563 1142 3671; baseline 0.003 -23"><span class='ocrx_word' id='word_1_197' title='bbox 125 3563 548 3671; x_wconf 80' lang='lat' dir='ltr'>ArabiamAEgyptum,</span> <span class='ocrx_word' id='word_1_198' title='bbox 565 3584 688 3643; x_wconf 87' lang='lat' dir='ltr'>mente</span> <span class='ocrx_word' id='word_1_199' title='bbox 706 3563 817 3646; x_wconf 66' lang='lat' dir='ltr'>avidi.</span> <span class='ocrx_word' id='word_1_200' title='bbox 838 3568 877 3644; x_wconf 85' lang='grc'>8(</span> <span class='ocrx_word' id='word_1_201' title='bbox 896 3564 1035 3664; x_wconf 86' lang='lat' dir='ltr'>solerti,</span> <span class='ocrx_word' id='word_1_202' title='bbox 1054 3570 1142 3651; x_wconf 88' lang='lat' dir='ltr'>licet</span> 
     </span>
     <span class='ocr_line' id='line_1_32' title="bbox 122 3671 1143 3789; baseline 0.003 -29"><span class='ocrx_word' id='word_1_203' title='bbox 122 3673 409 3771; x_wconf 80' lang='lat' dir='ltr'>museoaffixus,</span> <span class='ocrx_word' id='word_1_204' title='bbox 422 3699 618 3783; x_wconf 79' lang='lat' dir='ltr'>peragrare</span> <span class='ocrx_word' id='word_1_205' title='bbox 631 3671 741 3755; x_wconf 90' lang='lat' dir='ltr'>libuit</span> <span class='ocrx_word' id='word_1_206' title='bbox 769 3704 779 3755; x_wconf 93' lang='lat'><strong>:</strong></span> <span class='ocrx_word' id='word_1_207' title='bbox 817 3701 978 3785; x_wconf 86' lang='lat' dir='ltr'>quarum</span> <span class='ocrx_word' id='word_1_208' title='bbox 995 3679 1143 3789; x_wconf 80' lang='lat' dir='ltr'>linguat</span> 
     </span>
     <span class='ocr_line' id='line_1_33' title="bbox 121 3781 1145 3899; baseline 0.003 -30"><span class='ocrx_word' id='word_1_209' title='bbox 121 3815 209 3880; x_wconf 79' lang='lat' dir='ltr'>¹non</span> <span class='ocrx_word' id='word_1_210' title='bbox 223 3782 550 3896; x_wconf 85' lang='lat' dir='ltr'>superficietenus,</span> <span class='ocrx_word' id='word_1_211' title='bbox 567 3801 632 3874; x_wconf 85' lang='lat' dir='ltr'>aut</span> <span class='ocrx_word' id='word_1_212' title='bbox 642 3781 891 3870; x_wconf 82' lang='lat' dir='ltr'>leviusculc&amp;</span> <span class='ocrx_word' id='word_1_213' title='bbox 903 3789 1145 3899; x_wconf 87' lang='lat' dir='ltr'>primisqnasr</span> 
     </span>
     <span class='ocr_line' id='line_1_34' title="bbox 125 3895 1147 3989; baseline 0.002 -9"><span class='ocrx_word' id='word_1_214' title='bbox 125 3895 760 3989; x_wconf 45' lang='lat' dir='ltr'>labiisdelibntusrmaxirnolabore</span> <span class='ocrx_word' id='word_1_215' title='bbox 773 3895 838 3980; x_wconf 80' lang='lat' dir='ltr'>fibi</span> <span class='ocrx_word' id='word_1_216' title='bbox 848 3901 1015 3988; x_wconf 85' lang='lat' dir='ltr'>reddidit</span> <span class='ocrx_word' id='word_1_217' title='bbox 1032 3904 1147 3982; x_wconf 87' lang='lat' dir='ltr'>sarni-</span> 
     </span>
    </p>
   </div>
   <div class='ocr_carea' id='block_1_3' title="bbox 1025 4015 1146 4097">
    <p class='ocr_par' dir='ltr' id='par_1_3' title="bbox 1025 4015 1146 4097">
     <span class='ocr_line' id='line_1_35' title="bbox 1025 4015 1146 4097; baseline 0.008 -3"><span class='ocrx_word' id='word_1_218' title='bbox 1025 4015 1146 4097; x_wconf 83' lang='lat' dir='ltr'>linrcs.</span> 
     </span>
    </p>
   </div>
   <div class='ocr_carea' id='block_1_4' title="bbox 0 0 1368 4448">
    <p class='ocr_par' dir='ltr' id='par_1_4' title="bbox 0 0 1368 4448">
     <span class='ocr_line' id='line_1_36' title="bbox 0 0 1368 4448; baseline 0 0"><span class='ocrx_word' id='word_1_219' title='bbox 0 0 1368 4448; x_wconf 95' lang='lat' dir='ltr'> </span> 
     </span>
    </p>
   </div>
  </div>
 </body>
</html>
