2684 4476
532 184 1035 286 Enrsronr

270 332 702 450 vigilantillimthdam,
720 329 919 408 doetiffimis
933 331 1195 428 Praebendatiis,
1216 335 1253 408 dr

270 437 361 512 nuni
374 457 494 534 gratus
506 434 542 509 dt
553 451 715 527 acceptus
732 456 740 502 :
757 429 1001 503 &eonomine
1020 433 1121 506 nobis
1138 432 1252 522 omni-

269 534 333 609 bus
344 533 492 630 gratior,
502 530 593 628 quod
610 526 732 602 multis
754 525 825 622 jam
843 524 1068 626 preterlapfis
1080 531 1181 603 anuis
1197 551 1253 624 pa-

269 653 362 704 trem
377 633 541 726 Rtgernm
551 625 753 724 Aschamum
765 621 1034 698 adolescentiam
1046 648 1139 702 tuam
1149 625 1252 699 bonis

204 757 207 766 ⁴
269 726 385 802 literis
402 721 567 800 effinxisse
591 724 626 798 dt
646 711 870 814 insorntalle,
895 719 1148 821 ingeniumque
1165 722 1254 798 illud

270 816 1255 914 tuumimmortalitatedignumliberalibusartibusexco·

272 912 1252 1016 luilleintelligtbamus:deproximissuperioribusannis

272 1042 314 1091 eo
330 1019 502 1092 honorato
520 1017 559 1092 in
573 1015 651 1090 loco
675 1009 855 1108 'Majestnti
870 1032 937 1084 tuae
959 1011 1155 1088 inserviisse
1176 1011 1253 1094 atri·

271 1115 583 1204 madvertebamur,
595 1135 664 1209 quo
680 1133 792 1196 antea,
806 1131 971 1206 regnante
984 1111 1114 1210 Regino
1124 1111 1254 1207 Maria,

271 1207 463 1309 Maiestatis
476 1233 544 1284 tuae
557 1207 674 1284 sorore
688 1204 872 1300 carillima,
884 1201 1166 1305 perfungebatur.
1187 1210 1252 1284 Per

271 1309 367 1382 hunc
379 1306 577 1405 ufigidium
593 1301 795 1398 Ascbamum
811 1302 906 1376 bonae
920 1302 991 1399 spei
1013 1329 1171 1402 puerum,
1195 1329 1253 1402 pa.

271 1425 381 1479 ternae
407 1399 841 1488 virtutis&etuditionis,
869 1397 982 1495 spero,
1000 1399 1184 1494 haeredem,
1211 1399 1253 1476 in

271 1526 393 1576 manus
423 1523 516 1575 meas
562 1517 778 1572 ervenetunt
802 1495 900 1570 varia
915 1521 1023 1596 eaque
1039 1524 1101 1597 per
1113 1498 1253 1573 erudita

270 1599 420 1695 scripta,
453 1524 606 1694 ejusdem
636 1593 757 1688 Rogeri
783 1594 926 1691 propria
954 1619 1058 1668 manu
1088 1616 1250 1672 exarata:

271 1695 393 1786 suavi,
417 1713 456 1766 ut
472 1693 576 1766 multi
591 1689 805 1782 existrmant,
829 1690 928 1784 mira,
948 1713 989 1766 ut
1009 1716 1074 1790 ego
1105 1691 1224 1795 judico
1240 1745 1258 1785 ,-

270 1790 443 1866 orationis
466 1790 654 1886 elegantia,
680 1787 715 1861 δι
737 1785 905 1861 strullura
925 1807 1102 1864 contexta.
1151 1792 1252 1864 Inter
1334 1851 1339 1860 ,

163 1903 168 1926 ’
270 1911 309 1962 ea
326 1887 488 1987 quasdam
501 1886 636 1980 literas,
645 1909 728 1980 quas
745 1884 832 1958 olim
848 1885 906 1958 ille
921 1883 1023 1961 vivus
1037 1887 1078 1958 ad
1092 1885 1251 1984 Majella.

269 2007 344 2058 tem
372 2007 496 2078 tuam,
519 1985 671 2081 aliosque
698 1975 926 2057 nobilissimos
955 1981 1064 2077 viros,
1091 1985 1125 2058 dt
1149 2009 1252 2060 orna·

270 2081 554 2156 tislrmosamicos
572 2077 719 2173 miserit,
739 2077 923 2154 admodum
942 2077 1143 2154 libenter&
1159 2075 1251 2176 mag·

270 2204 316 2252 rra
341 2203 421 2252 cunt
437 2178 670 2252 admiratione
684 2175 849 2274 legebam.
899 2176 1071 2252 Libenter
1095 2177 1250 2273 quidem,

270 2278 354 2372 quit
384 2297 427 2348 ex
454 2275 550 2367 illis,
575 2272 701 2371 quanti
729 2291 826 2348 tuam
856 2274 1073 2370 Maiestatem
1100 2275 1251 2370 lecerit,

271 2373 412 2468 quantis
426 2372 584 2446 laudibus
602 2369 826 2444 Excellentiae
844 2391 910 2444 tuae
931 2371 1128 2467 ingenium,
1150 2371 1250 2445 indo-
1281 2437 1284 2442 .

269 2468 360 2561 lem,
382 2466 424 2540 ad
446 2468 566 2542 literas
591 2465 806 2540 imbibendos
836 2467 1122 2565 propensronem‚
1145 2470 1180 2542 δι
1208 2468 1249 2544 iu

270 2565 369 2641 omni
380 2564 568 2642 excellenti
580 2564 717 2636 virtute
732 2562 882 2637 studium
896 2565 1165 2660 &prudentiam
1193 2589 1250 2636 or·

269 2662 423 2755 traverit,
445 2666 586 2764 penitus
597 2659 782 2734 intellexi:
806 2685 886 2735 curn
907 2663 1137 2736 admiratione
1151 2686 1249 2759 vero,

268 2756 1250 2858 partimquia.nihilineogenereuberius,rtihilaptius‚

269 2855 363 2930 nihil
377 2855 527 2949 litavius,
547 2853 642 2927 nihil
659 2855 766 2950 tnagis
785 2857 947 2931 omnibus
961 2857 1155 2930 luminibus
1169 2858 1248 2928 illu-

109 2925 118 2944 ’
181 2968 186 2990 ’
269 2951 497 3027 slratumfieri
510 2973 646 3045 poterat
663 2979 670 3022 :
695 2954 823 3046 partim
838 2947 1070 3050 autem,qtiod
1085 2974 1154 3025 tam
1169 2953 1248 3026 illu-

269 3051 335 3126 ssre
351 3048 523 3124 scribendi
538 3074 646 3146 genus
662 3052 702 3119 ad
717 3071 810 3122 tuam
827 3051 1016 3124 ornandam
1029 3048 1247 3144 Majeslatent

268 3145 471 3222 contulerit.
520 3151 607 3234 Quae
619 3149 735 3218 omnia
748 3147 886 3244 scripta,
904 3156 995 3220 miro
1008 3147 1183 3222 orauonis
1197 3148 1246 3222 le-

268 3267 351 3342 pore
362 3245 516 3336 condita,
540 3268 617 3316 cunr
640 3241 741 3339 plene
763 3243 1014 3342 pergustallent,
1037 3242 1141 3318 statui
1161 3271 1244 3319 eort-

267 3345 370 3416 tt'nuo
384 3365 517 3414 mecum
532 3337 773 3436 transcribere,
806 3343 841 3415 ἃ
856 3367 900 3414 ex
913 3342 1022 3414 variis
1045 3342 1243 3433 chartulis,

265 3466 340 3538 quae
361 3440 472 3538 prima
487 3436 630 3510 suerunt
654 3439 879 3536 exemplaria,
901 3438 940 3514 iu
956 3462 1062 3513 untrm
1075 3440 1167 3538 coepi
1183 3437 1244 3513 sas-

265 3536 418 3610 ciculum
437 3532 701 3629 elegantillimas
719 3536 908 3632 colligere,
930 3562 998 3634 quo
1015 3535 1180 3634 majorem
1198 3539 1239 3612 itt

264 3632 335 3710 illis
351 3631 554 3730 legendis&
569 3631 819 3729 pervolvendis
838 3633 1056 3733 voluptatem
1070 3658 1240 3745 caperem.

1175 3753 1243 3807 utt-
