2612 4450
166 131 893 244 oletlvNTlNoJoNJ.
962 146 1075 242 xxia

54 327 94 388 ut
123 305 236 427 ipius
268 303 450 417 auspiciis
479 307 519 386 ὃ(
550 305 773 414 patrocinio
787 299 957 384 santium
976 302 1073 387 illud

50 415 295 529 propofituor
309 418 464 503 tandem
479 416 690 527 aliquando
711 418 752 498 in
768 413 944 498 effetum
963 417 1073 500 dare-

48 533 199 614 tor.llic
210 557 302 614 veto
311 531 383 612 Vir
392 529 620 640 optimus,&
635 529 737 611 inter
754 529 944 610 maximos
961 526 1075 612 seculi

46 641 227 752 proxime
243 640 359 751 elapfi
375 646 490 725 Viros
516 639 671 724 summo
700 643 779 751 jure
810 638 1070 741 recensendus,

47 757 159 864 cujus
176 757 238 838 vel
256 753 401 838 nudum
421 778 565 836 nomen
582 754 757 836 omnium
774 751 972 834 titulorum
991 758 1075 838 elo-

48 869 282 977 giorotnqoe
301 867 424 950 vitem
446 861 650 976 supplebit,
685 883 837 974 arrepta
853 863 927 945 hac
940 865 989 946 de
1005 869 1076 950 lli·

47 977 178 1066 bernis
195 976 270 1060 suis
291 975 391 1061 bene
405 977 580 1062 merendi
597 973 807 1077 occasione,
836 977 971 1086 quide
989 980 1076 1060 uni-

49 1087 159 1174 verse
192 1095 292 1202 Rtp.
319 1090 507 1189 literaria,
554 1086 635 1173 imb
661 1089 711 1171 de
739 1087 921 1172 universo
937 1115 1077 1199 genere

51 1204 242 1306 humano,
287 1199 434 1311 seriptis
460 1198 767 1311 sapientiffimis,
802 1201 1011 1284 luculentis
1029 1231 1078 1286 ue

51 1319 93 1399 8<
119 1312 323 1397 utiliffimis
352 1315 534 1413 inventis,
575 1317 615 1395 ὅ(
637 1309 868 1395 liberalitate
890 1314 978 1396 ioli
1034 1317 1079 1398 iis

51 1431 250 1510 literarum
266 1431 306 1509 &
324 1427 472 1535 pietatis
488 1428 768 1536 promovendis
782 1423 986 1508 ellirsrllirni
1000 1430 1079 1538 pri·

51 1541 147 1622 dem
172 1531 384 1635 meruillet‚'
408 1540 577 1648 pecuniis
607 1539 805 1648 interpreti
824 1565 872 1618 ex
894 1539 1078 1625 conditio

54 1649 205 1748 solatia,
235 1647 302 1732 fibi
320 1648 392 1730 soli
412 1648 582 1759 sumptus
597 1651 782 1734 editionis
802 1652 1080 1760 impendendos

56 1761 244 1876 generose
255 1761 488 1844 aclobenter
499 1760 685 1871 suscepit:
711 1764 817 1873 quod
832 1764 935 1844 illum
957 1764 1080 1846 aborr-

55 1875 106 1956 de
120 1871 324 1984 prestitisse
343 1872 524 1956 Hibernia
540 1878 757 1984 gratulatur.
812 1878 897 1977 Qui
910 1876 959 1956 de
978 1903 1017 1956 te
1032 1879 1079 1984 li3

57 2007 172 2083 teras,
192 1986 291 2066 inter
312 1987 420 2068 illurn
443 1989 485 2065 b<
513 1990 562 2067 t).
579 1987 890 2098 llutttingtontrnr
912 1986 1081 2097 scriptas,

61 2121 147 2178 non
164 2096 309 2179 modici
338 2125 424 2184 orm
451 2101 652 2204 voluptate
680 2123 741 2182 me
766 2095 893 2206 legill'e
909 2101 1081 2182 memini.

55 2214 173 2318 Opus
193 2205 286 2290 verb
299 2210 394 2291 illud
410 2205 771 2308 defidemttffimum,
800 2213 957 2294 ineante
973 2239 1079 2294 auno

57 2323 115 2404 Μ.
129 2322 381 2404 DCLXXX.
396 2327 461 2402 Vl.
498 2321 720 2428 prodibat3
763 2322 991 2404 Praefatione
1029 2324 1081 2405 ab

58 2432 275 2516 admodum
302 2431 512 2514 reverendo
543 2434 653 2531 Viro,
680 2435 731 2514 D.
748 2435 957 2541 Doppin0‚
974 2435 1082 2542 Epis-

59 2571 166 2654 copo
187 2543 360 2644 Midenfi,
399 2546 440 2624 in
463 2541 596 2651 quide
624 2547 724 2626 illios
751 2547 898 2626 ratione
922 2547 1082 2654 copiosi,

61 2660 104 2738 8<
129 2655 304 2738 accurate
327 2650 528 2757 diffluitur,
558 2655 715 2766 Anglice
738 2655 896 2764 praefixi.
953 2661 1083 2768 ln'hlt·

63 2783 190 2862 autem
228 2767 399 2848 editione
432 2766 503 2847 soli
535 2770 727 2849 eanonici
761 2767 849 2849 libri
879 2771 1083 2851 eontinen-

62 2895 157 2958 tur:
198 2880 525 2986 Apotryplrorutn
547 2879 734 2962 librorum
757 2877 938 2976 verdone,
967 2907 1084 2990 quant

69 2991 110 3070 in
139 2988 288 3102 schedis
317 2991 666 3100 Huntingtonianis
693 2993 828 3101 reperi,
871 2993 1022 3104 penitius
1041 3022 1084 3073 o·

63 3097 185 3206 mille.
307 3107 334 3150 ⁵
744 3101 746 3106 ’

118 3212 209 3296 Post
232 3209 569 3321 obstupescendum
596 3239 720 3295 terum
746 3215 785 3294 in
818 3217 953 3323 Anglii
980 3236 1084 3301 eata-

59 3322 262 3432 stropben,
292 3323 380 3405 cion
398 3322 583 3405 Hibernia
601 3325 769 3407 moribus
789 3328 867 3408 cito
883 3332 921 3407 io
938 3327 1084 3410 bellum

57 3438 254 3546 ereptoris
267 3437 491 3546 agitaretur,
518 3441 558 3516 8<
577 3434 700 3519 ubiuis
717 3463 783 3545 per
798 3438 1009 3520 universam
1025 3442 1085 3520 irr-

58 3550 184 3632 sulatn
223 3545 375 3630 efferati
396 3545 504 3652 plebe
531 3547 876 3659 ferocientibtrsque
902 3550 1085 3632 milit-ibus

56 3659 454 3755 tumultuatumellet,
483 3657 548 3740 fibi
579 3661 666 3770 lugi.
701 3662 739 3741 io
773 3664 947 3772 Angliam
966 3661 1013 3741 de
1032 3663 1086 3747 la-

60 3777 145 3854 lute
162 3772 238 3868 sua,
276 3768 352 3854 una
374 3774 607 3853 commeritis
631 3771 808 3871 millibus,
835 3800 996 3882 quorum
1021 3803 1085 3879 pe-

57 3885 168 3994 diora
187 3884 347 3998 panicus
378 3884 446 3968 ilie
471 3905 594 3966 terror
619 3883 821 3996 invaserat,
855 3883 1086 4080 prol'pitpeo-

133 4021 137 4032 ·
198 4023 200 4034 ·
541 4039 544 4045 ·
1026 4025 1085 4080 tro
