2702 4442
202 145 265 240 62
305 124 451 241 1).Ε.
478 121 889 235 BERNARDI
932 123 1131 234 VITA.

198 321 392 388 amantem
407 299 697 412 studiosumque
715 305 832 384 latere
848 301 985 401 noluit,
1016 325 1139 411 quam
1156 302 1240 413 plu·

148 502 150 510 ,
198 418 319 499 rimos
336 411 488 496 codices
499 421 653 497 Graecos
669 416 772 496 MSS.
792 410 902 496 bonae
914 436 1018 496 notae
1041 417 1086 496 Sc
1106 415 1240 526 magni

199 526 299 626 assas,
328 527 396 639 qui
416 528 520 637 apud
546 551 618 608 nos
633 549 682 607 ex
696 529 840 637 opimis
859 527 1011 608 Graeciae
1030 521 1167 635 spoliis
1182 527 1242 610 su·

230 637 370 737 ersunt,
397 639 440 720 in
455 635 707 722 celeberrimis
721 663 877 750 quoque
894 657 1004 720 extra
1016 639 1234 724 Britannias

176 667 448 834 siblioth‘ecis
467 749 716 859 reperiendos
740 748 824 851 elle,
855 769 897 832 ut
912 751 996 832 Viri
1013 751 1254 860 ingeniose·

200 863 420 948 eruditione
440 859 667 974 praestantes,
682 887 784 976 quos
793 860 863 946 ubi
877 857 945 944 ubi
962 860 1119 974 sparsos
1138 865 1234 946 idem

197 1001 465 1060 comtnuntum
496 971 709 1058 studiorum
740 1000 852 1058 atuor
870 977 1091 1087 conpingit,
1124 975 1173 1057 de
1191 979 1238 1060 iis

197 1085 357 1171 edendis
378 1082 533 1190 soliciti,
566 1089 644 1198 jam
657 1089 768 1170 nullo
785 1088 947 1198 negotio
963 1087 1117 1188 ndrint,
1134 1087 1236 1170 unde

200 1222 351 1284 mutuas
369 1225 507 1310 operas
523 1195 590 1282 stbi
605 1199 773 1282 invicem
796 1199 887 1284 darc
904 1201 945 1282 &
964 1222 1114 1308 petere,
1143 1227 1241 1312 quo·

200 1315 270 1396 ties
292 1338 391 1422 opus
422 1313 538 1412 foret,
569 1313 802 1396 commercio
831 1309 1047 1422 epistolico,
1082 1335 1239 1423 queant.

198 1424 446 1507 Bibliotheca
475 1445 613 1524 autem,
642 1449 805 1533 quarum
823 1425 1026 1535 catalogis,
1067 1423 1148 1506 sive
1167 1427 1238 1507 irn-

201 1535 341 1646 preffis‚
375 1535 450 1618 five
473 1561 589 1618 manu
610 1538 784 1638 exaratis,
816 1556 917 1624 utut
933 1537 1083 1618 mutilis
1098 1537 1237 1644 imper·

203 1647 396 1760 sedisque,
442 1649 482 1728 in
525 1651 602 1731 hoc
630 1642 930 1756 praestantissimo
961 1650 1003 1730 ὃ(
1034 1647 1237 1732 utilissimo

207 1784 324 1871 opere
343 1759 552 1842 condendo
580 1758 666 1842 usus
692 1757 757 1859 est,
793 1785 900 1870 quas,
926 1755 1013 1841 solo
1043 1760 1237 1844 literarum

205 1869 413 1984 Alplrabeti
434 1870 585 1954 servato
601 1871 751 1970 ordine,
766 1870 911 1982 (neque
925 1871 967 1953 id
983 1871 1234 1984 agitur,quafi

198 1985 246 2067 cle
268 1988 417 2069 illarum
440 1983 641 2096 dignitate,
672 1980 834 2066 absurda
855 1983 995 2093 pariter
1021 2011 1071 2064 ac
1103 1984 1237 2068 odiosa

200 2098 509 2207 comparatione,
526 2092 616 2178 esset
635 2095 961 2193 contendendum,
976 2095 1234 2208 cumfingulae

199 2213 352 2318 peculio
378 2210 559 2307 literario,
586 2233 682 2289 auro
700 2205 932 2320 gemmisque
951 2207 1101 2290 lndicis
1121 2211 1236 2319 longe

200 2319 426 2430 pretiosiori,
460 2319 675 2431 gaudeant)
703 2321 753 2404 ad
773 2317 883 2431 ipsrus
913 2323 1145 2430 exemplum
1163 2348 1236 2404 me-

201 2429 379 2532 morab0,
401 2434 458 2514 lrae
477 2430 594 2514 sunt:
623 2435 698 2514 viz.

255 2656 430 2768 Augustae
451 2654 765 2740 Vindelicorum,

256 2768 579 2878 Heidelbergensrs
619 2769 662 2848 in
695 2770 914 2852 palatinatu
944 2766 1111 2867 Rheni,
1156 2794 1232 2880 qux

199 2909 303 2964 nunc
320 2883 422 2993 apud
444 2887 615 2962 Romam
630 2880 672 2960 in
688 2880 877 2964 Vaticano
891 2878 1135 2962 adservatur.

255 2992 679 3076 LeidenfisAcademiae.

254 3108 447 3214 Leopoldi
466 3103 622 3214 Augusti
640 3103 745 3212 apud
759 3103 949 3184 Viennam
970 3100 1143 3185 Attslriae.

255 3219 478 3327 Principum
508 3217 778 3298 Medicaeorum
816 3215 857 3296 in
893 3217 1090 3297 Florentii
1130 3211 1236 3324 apud

200 3335 231 3411 S.
265 3331 523 3430 Laurentium,
567 3332 607 3409 o<
633 3327 735 3439 apud
758 3332 790 3409 S.
822 3329 998 3409 Marcum
1029 3329 1073 3409 in
1099 3327 1235 3411 eadem

201 3440 304 3525 urbe.

257 3553 450 3635 Patavina
474 3548 696 3630 Academiae.

257 3667 344 3748 Viri
372 3659 600 3744 illustrissimi
623 3660 828 3771 Seguierii,
868 3661 1103 3744 Cancellarii
1142 3661 1231 3744 Gal·

201 3781 271 3863 lia.

259 3888 447 3971 Vaticana
462 3886 505 3969 in
526 3881 614 3969 urbe
634 3883 768 3967 Romi.

1091 3996 1230 4080 Doluit
