2684 4476
304 205 330 276 8
471 195 549 275 DE
588 191 740 276 VITA
775 193 856 272 ET
892 193 1087 272 OBITU

303 321 380 384 Haec
394 319 539 378 Peninus.
577 316 717 379 Preterea
742 314 941 378 admirabilem
954 316 1072 395 prorsus
1084 319 1117 380 itt
1140 313 1292 401 pingendo

303 399 426 478 gratiam
446 393 663 473 assequebatur,
682 389 878 474 quotidieque
900 415 964 456 eam
988 397 1141 462 belliorem
1166 397 1293 478 pistura·

302 478 473 553 tioremque
496 471 553 534 usu
578 470 730 535 efficiebat.
771 471 871 550 Coepit
885 475 955 546 jam,
973 474 1185 537 maturescente
1197 493 1291 552 etate,

303 552 460 630 utriusque
475 553 586 630 lingue
600 550 732 612 auctores
751 546 855 612 assidue
874 551 981 628 legere,
1002 553 1122 630 privatis
1140 556 1290 618 exercitiis

304 630 391 694 indul
413 649 474 702 ere,
497 628 659 688 dialefficis
672 626 933 705 disputationibus,
963 629 993 690 δε
1014 628 1096 690 domi
1110 631 1139 692 δι
1152 631 1226 694 foris
1245 633 1294 694 in·

304 725 349 771 ter
388 729 415 780 e,
440 705 673 784 praelediionibus
697 706 727 766 ἂ
746 705 906 781 privatis&
921 705 1050 782 publicis
1073 705 1172 782 adesse,
1216 707 1293 770 bilo·

303 786 413 866 sophie
436 788 465 846 dc
492 784 664 860 eloquentie
692 801 789 842 amore
816 781 1007 856 exardescere,
1030 783 1062 844 in
1076 786 1168 847 literis
1187 729 1292 848 liuma-

303 865 442 926 nioribus
454 879 571 938 tempus
584 876 746 933 conterere,
773 857 955 921 historiarum
968 861 1108 922 suavitate
1120 865 1186 944 capi
1197 865 1226 926 δι
1239 863 1291 926 de-

302 941 414 1006 lediati.
452 940 487 1000 ln
500 938 618 1016 quibus,
647 949 721 998 curn
729 939 842 1013 aliquot
860 959 972 1011 annos,
991 938 1026 998 ad
1036 939 1116 1001 suam
1131 944 1290 1006 maximam

303 1020 476 1090 utilitatem,
502 1017 538 1078 ad
551 1018 676 1076 aliorum
689 1034 824 1094 magnam
844 1017 1066 1078 admirationem
1091 1017 1221 1082 versatus
1240 1019 1292 1083 fu·

301 1093 381 1170 iss'et,
401 1095 510 1171 &ejus
532 1095 688 1172 ingenium
711 1094 740 1154 δι
760 1092 889 1155 eruditio
915 1114 976 1154 non
995 1092 1091 1156 solum
1110 1095 1190 1158 domi
1215 1097 1293 1159 emi·

303 1195 383 1248 nere,
400 1173 449 1234 sed
462 1172 535 1235 soris
548 1174 580 1232 in
592 1171 720 1252 publicis
733 1169 840 1232 scholis
852 1171 1085 1248 circumsonare,
1107 1175 1136 1236 dt
1149 1175 1182 1235 in
1192 1173 1290 1252 quod-

303 1251 372 1312 dam
385 1249 463 1326 quali
476 1251 588 1326 ingenii
613 1247 779 1310 Theatrum
790 1249 908 1326 prodire
920 1249 1064 1329 coepilset,
1085 1268 1146 1313 erat
1157 1251 1288 1328 tandem,

303 1331 386 1406 juxta
409 1327 563 1388 morem&
586 1324 829 1388 consuetudinem
852 1327 1030 1402 Academiae,
1052 1328 1170 1390 summo
1191 1332 1290 1394 totius

303 1406 473 1468 Academiae
503 1403 629 1475 assensu,
658 1404 690 1462 in
715 1405 953 1466 Baccalaureatus
974 1405 1116 1484 gradum,
1148 1423 1291 1486 tanquam

226 1511 228 1515 ·
302 1487 432 1566 primum
445 1481 592 1543 industrie
604 1481 633 1541 &
642 1480 782 1540 doerinae
793 1479 849 1541 suae
860 1483 1027 1558 premium,
1038 1486 1066 1545 bc
1077 1484 1185 1546 sertum
1196 1506 1290 1567 coop-

301 1580 401 1636 tatus,
421 1561 513 1622 Anno
535 1559 661 1618 Domini
681 1558 880 1620 MDXXXIV.
900 1562 1094 1622 Februarius.
1114 1564 1206 1624 etatis
1225 1562 1289 1626 suae

302 1660 391 1718 agens
399 1657 509 1698 annum
522 1635 672 1696 decimum
691 1635 835 1702 obiavum.
863 1638 893 1700 dc
906 1639 995 1716 paulo
1004 1637 1070 1717 post
1082 1638 1115 1699 in
1127 1639 1175 1700 die
1188 1641 1290 1704 elesii·

303 1719 371 1778 onis
396 1715 543 1778 sociorum
569 1714 706 1792 proximo
730 1715 877 1790 sequente,
901 1721 998 1772 Martii
1013 1734 1058 1790 23.
1077 1734 1140 1778 erat
1151 1737 1237 1792 opera
1256 1719 1288 1782 bt

304 1790 483 1856 clandestino
496 1792 607 1853 auxilio
620 1793 736 1849 'Nitriai
747 1794 869 1869 Medcalfi
890 1797 996 1868 Collegit*
1020 1799 1092 1851 Divi
1113 1799 1223 1860 {loannis
1245 1815 1286 1858 eo

303 1889 438 1952 ternpore
451 1871 571 1948 Magistri
577 1915 585 1941 ,
609 1868 642 1928 in
654 1868 802 1929 sociorum
816 1887 927 1930 coetum
941 1870 1053 1933 ascitus.
1080 1873 1131 1948 qui
1145 1871 1207 1934 dies
1221 1893 1289 1936 orn.

303 1951 392 2008 nium
405 1951 437 2009 in
449 1949 511 2007 vita
535 1945 767 2022 iucundissimus,
794 1947 824 2009 dc
844 1947 922 2027 quast
946 1947 1008 2010 dies
1032 1950 1143 2021 natalis,
1162 1950 1190 2011 ei
1204 1951 1288 2014 visus

304 2025 374 2088 fuit.
413 2026 477 2088 Nec
492 2025 547 2084 hoe
560 2045 639 2085 novo
653 2022 763 2084 honore
775 2026 867 2087 elatus
880 2023 971 2086 studia
995 2025 1142 2100 deseruit;
1164 2026 1213 2088 sed
1225 2027 1287 2092 hoc

212 2115 220 2134 ·
304 2122 445 2183 tanquam
458 2103 579 2164 virtutis
593 2102 622 2163 dc
635 2101 811 2162 eruditionis
831 2120 1001 2164 ornamento
1024 2106 1172 2178 incitatus,
1190 2109 1289 2186 magis

304 2201 338 2242 ac
352 2184 444 2260 magis
457 2181 489 2240 in
511 2178 607 2240 studia
621 2179 766 2251 incubuit,
786 2181 861 2241 &in
876 2181 1020 2241 Musaeum
1041 2182 1070 2242 se
1095 2181 1218 2243 omnino
1236 2185 1290 2245 ab·

305 2259 392 2319 didit.
430 2265 575 2314 Ciceronem
587 2257 648 2326 libi,
669 2259 813 2328 Platonem,
842 2260 1002 2332 Aristotelem
1016 2259 1133 2338 penitus
1146 2264 1288 2338 pervolu-

303 2336 407 2398 candos
417 2335 578 2414 proposuit.
617 2339 744 2391 Ciceronis
755 2333 991 2412 diligentissimus
1004 2337 1115 2410 cultor,
1137 2339 1287 2403 maximus

306 2431 427 2484 amator,
446 2407 678 2492 prudentissimus
689 2411 830 2472 imitator.
869 2413 963 2473 Hunc
983 2414 1110 2474 &unice
1122 2435 1166 2474 am
1189 2417 1287 2494 sexus,

303 2492 336 2552 dc
351 2491 385 2551 ad
398 2489 545 2570 stuporem
569 2489 661 2564 usque
684 2489 841 2552 admiratus
866 2488 916 2552 est.
955 2491 1056 2564 Hujus
1075 2435 1288 2572 limpidissimis

302 2569 437 2646 fontibus
463 2568 530 2628 suos
553 2568 665 2626 rivulos
688 2566 816 2628 adauxit.
854 2567 936 2628 Hinc
959 2566 1133 2631 dulcissimos
1153 2574 1288 2649 purioris

302 2647 443 2707 distionis
464 2645 566 2706 succos
585 2642 722 2704 exhausit,
760 2645 842 2705 Hinc
863 2646 1036 2708 suavissimas
1061 2649 1196 2710 cultioris
1216 2669 1285 2711 ota·

301 2726 394 2785 tionis
415 2742 501 2802 aquas
526 2721 562 2781 ad
580 2721 661 2782 suam
688 2722 859 2784 immensam
885 2724 1014 2798 laudern,
1038 2725 1072 2784 ad
1086 2727 1285 2804 pupillorum,

303 2821 380 2879 quos
394 2804 450 2876 jam
464 2798 576 2871 habuit,
595 2801 764 2878 preclarum
788 2801 965 2880 uberemque
977 2803 1117 2876 siusium,
1136 2802 1171 2863 ad
1184 2806 1285 2868 totius

301 2879 472 2939 Academite
504 2877 668 2937 maximum
704 2895 917 2952 ornamentum,
943 2878 1121 2957 profluenter
1155 2881 1285 2946 exsuxit.

302 2957 395 3016 Hunc
409 2955 556 3014 audiorem
570 2955 590 3014 li
604 2956 764 3031 quisalius,
780 2957 808 3015 bt
823 2955 986 3018 constanter
999 2959 1154 3036 pervolvit,
1168 2960 1196 3020 δι
1210 2981 1286 3038 pru-

302 3035 406 3094 denter
416 3033 547 3093 imitatus
558 3028 608 3104 est,
626 3031 743 3110 suisque
759 3032 872 3112 scriptis
887 3037 914 3096 bc
930 3036 1195 3107 exercitationibus,
1207 3058 1283 3100 cum

302 3111 441 3190 publicis,
467 3127 530 3170 turn
555 3109 677 3187 privatis
696 3112 807 3187 optime
830 3112 968 3190 expressit.
1007 3114 1036 3172 Si
1051 3113 1122 3190 quid
1138 3111 1233 3189 postea
1248 3119 1286 3178 in

302 3189 441 3248 disiionis
452 3201 587 3265 puritate,
606 3186 809 3264 scribendique
822 3193 954 3266 praeclara
974 3191 1110 3252 Ercultate
1131 3195 1285 3268 excelluit,

303 3266 334 3326 id
348 3286 434 3326 omne
461 3271 495 3324 Μ,
508 3270 535 3324 T.
546 3269 680 3334 Ciceroni,
702 3265 882 3336 &acelini
904 3286 1055 3343 acceptum
1080 3269 1156 3330 ferre
1180 3271 1282 3334 debet.

304 3345 412 3405 Maluit
425 3343 505 3401 enim
519 3361 553 3400 ex
566 3341 629 3416 ipsis
653 3341 786 3402 fontibus
809 3335 968 3422 plenissime
994 3345 1116 3419 haurire,
1135 3365 1225 3424 quam
1238 3352 1279 3410 ri·

304 3423 391 3481 vulos
411 3417 480 3479 inde
494 3417 632 3478 dedudos
651 3420 816 3481 conseblari.
855 3427 988 3480 Platonem
1002 3427 1093 3483 totius
1113 3431 1217 3482 Greciae
1230 3429 1283 3488 lu.

303 3519 392 3570 men,
412 3498 577 3553 Athenarum
591 3495 844 3572 splendidissimam
858 3519 1011 3575 gemmam,
1038 3502 1066 3560 dc
1081 3503 1219 3563 volvebat
1229 3503 1284 3564 sae·

303 3575 423 3656 pillime,
444 3574 547 3646 &eius
557 3577 704 3651 preceptis
717 3577 849 3636 animum
873 3575 1020 3637 utiliffime
1032 3581 1171 3640 excoluit.
1211 3583 1282 3642 Nec

302 3652 412 3731 frigide
432 3668 481 3714 aut
493 3651 597 3730 supine
607 3652 729 3731 legebat,
749 3653 796 3713 sed
809 3654 844 3713 ad
858 3656 1018 3718 maximum
1029 3657 1171 3733 siusium,
1189 3659 1218 3719 δι
1232 3659 1286 3718 di·

1187 3737 1281 3799 cendi
