2644 4466
258 187 339 278 ,aaa
374 171 1204 283 nonantiscuamruarsr,1aaffi‚

259 296 394 366 humane
418 302 490 372 vite
509 296 754 378 complectuntur.
774 313 945 374 genuinum
962 293 1121 362 honestatis
1141 315 1270 362 exem

134 417 139 434 r
256 381 344 444 'lum
355 379 401 442 his
414 377 498 440 libris
517 377 707 456 exprimitur,
733 373 869 452 adcujus
890 375 1085 437 imitationem
1102 375 1185 454 quis
1202 377 1265 440 uis
1305 397 1318 436 .·

259 401 320 523 sese
341 455 507 530 tradiderit,
530 456 566 516 ab
585 455 696 536 optima
714 469 797 517 certe
813 451 913 516 civilis
932 453 1001 516 vite
1023 451 1173 534 consuetu
1202 455 1209 468 “

259 535 424 616 iongilsrme
446 529 537 596 abesse
555 553 617 594 non
637 521 741 613 potest.
778 531 886 610 Neque
902 527 965 591 haee
987 529 1100 608 scribo,
1121 549 1161 596 ut
1177 531 1266 594 hor-

260 613 351 678 tantis
362 633 472 677 munus
481 607 641 692 suscepisse,
657 608 708 673 sed
813 609 888 675 antis
903 605 1036 672 officium
1054 607 1263 674 declaraviffe

259 693 371 755 videar.
391 686 605 770 diligentissime
623 688 702 750 enim
762 685 823 761 des,
842 705 897 748 net
909 683 1073 777 hortatione
1089 689 1154 750 ulla
1166 707 1262 830 Ὤ

260 790 317 835 nec
330 769 421 831 habeo
442 767 523 846 quod
538 769 594 829 tibi
607 766 642 826 ad
655 764 834 828 imitandum
845 784 900 844 pro
914 784 1019 840 onam,
1036 765 1093 828 msa
1110 767 1180 848 teip

260 849 373 912 imitari
385 847 466 920 velit,
492 847 631 908 &tecum
641 842 776 924 quotidie
789 783 973 906 contendere.
1012 841 1082 920 Qua
1095 857 1263 926 reportate

261 925 393 1002 vittono,
401 939 437 985 ut
447 926 505 986 alio
514 941 646 1004 tempore
655 919 844 1004 adtescripsr,
865 941 920 983 nee
931 919 966 980 ad
976 920 1103 984 sonum
1111 921 1265 1004 tundig-
1318 947 1319 954 ¹

261 1005 386 1067 nitatem
407 999 564 1078 illustriuS,
589 1019 645 1064 nec
663 999 699 1062 ad
716 1019 791 1060 verae
807 997 904 1062 laudis
923 997 1153 1080 perpetuitatem
1175 1022 1263 1064 coru-

261 1080 393 1157 stantius,
407 1079 532 1156 adjicere
544 1079 704 1158 quidquam
723 1093 816 1158 potes,
843 1073 1086 1155 DominusJesus
1103 1097 1151 1141 em
1175 1079 1272 1140 litu-¹

262 1157 365 1226 dinem
383 1176 465 1222 mam
489 1177 570 1222 novo
595 1157 691 1220 indies
711 1155 1032 1222 virtutis&literamm
1054 1098 1184 1220 euronii>
1198 1155 1268 1220 ada

543 1449 752 1526 EPIST.
789 1451 957 1526 XXXIII.

323 1559 731 1660 oannars'eruo
771 1592 995 1655 curnam
1033 1589 1199 1670 matt·

587 1687 768 1752 nmrco
808 1690 921 1754 su0.

311 1835 404 1917 Sipse
422 1832 598 1912 iuvenisell,
618 1831 793 1896 omatiffime
809 1835 865 1909 vir,
886 1836 973 1911 cuius
985 1831 1107 1900 oudam
1125 1833 1265 1919 otapod'

165 1975 168 1982 ,
331 1921 461 1989 Reginam
476 1914 574 1989 ope&
599 1914 691 1991 gratia
704 1929 753 1974 tua
768 1912 926 1990 adjuvares,
960 1931 1111 1994 tantopere
1138 1915 1262 1994 efflagio

162 2035 179 2050 ,.
269 1992 374 2055 tabam.
413 1995 457 2054 At
479 2011 550 2054 cum
571 1991 760 2053 exsuavitate
778 1990 920 2054 sermonis
932 1993 978 2052 tui
990 1995 1023 2053 in
1036 1995 1257 2074 colloquendo,

269 2073 301 2134 ἃ
312 2091 348 2132 ex
357 2069 504 2131 alacritate
514 2067 604 2130 studii
614 2071 660 2132 tui
668 2071 836 2144 inRega'nam
849 2069 993 2143 adeundo,
1005 2070 1092 2132 facile
1104 2072 1257 2152 perspexi,

270 2169 334 2230 quo
347 2147 448 2208 ardore
473 2147 609 2210 incensus
634 2167 674 2220 es,
693 2165 838 2224 quemque
851 2147 953 2208 tuendi
967 2149 1160 2228 ornandique,
1180 2154 1259 2214 lite·

272 2243 370 2290 ranam
386 2221 521 2286 nomine:
534 2227 634 2285 minus
647 2223 721 2284 mihi
731 2224 920 2286 laborandum
932 2221 986 2285 else
999 2229 1110 2306 putavi,
1123 2225 1161 2288 de
1170 2247 1256 2298 nova

273 2305 368 2380 aliqua
390 2303 473 2364 istius
492 2323 573 2364 nunc
586 2299 763 2362 instituenda
783 2303 1044 2365 commendatione.
1062 2303 1120 2365 hoc
1132 2319 1258 2381 tanturn

273 2381 350 2443 naim
365 2379 579 2474 spondendum,
600 2382 632 2440 in
654 2397 760 2457 meque
782 2381 981 2460 recipiendum
995 2380 1049 2443 esse
1071 2382 1160 2459 duxi,
1184 2403 1258 2447 eam

274 2460 364 2533 leuius
374 2461 525 2535 rutenis&
535 2477 654 2518 morum
663 2457 845 2535 probitatem,
858 2458 1056 2522 &studiorum
1065 2463 1258 2540 optimorum

275 2537 444 2600 aviditatem
463 2533 535 2596 esse:
550 2553 584 2595 ut
596 2553 630 2596 to
645 2536 738 2610 illum,
764 2535 793 2594 dc
804 2555 866 2596 mea
885 2537 1042 2616 scriptione
1052 2539 1088 2598 ad
1099 2559 1262 2603 commen-

275 2615 422 2688 dandum,
441 2616 471 2676 dt
484 2633 538 2675 tuo
552 2613 682 2694 praesrdio
700 2613 735 2673 ad
749 2611 956 2674 sublevandum
969 2615 1093 2694 dignum
1105 2618 1140 2679 sas
1154 2637 1259 2697 reper-

276 2711 371 2756 turus.
410 2695 441 2754 Si
455 2713 518 2753 mea
529 2711 573 2753 res
586 2690 656 2754 esset
669 2712 730 2753 non
753 2707 904 2771 tantopere
924 2694 1094 2756 laborarem:
1109 2709 1182 2756 cum
1200 2699 1259 2758 ali.

278 2771 357 2832 unde
371 2771 498 2833 sortunae
521 2792 593 2832 meaa
613 2768 774 2830 sustentatae
786 2769 862 2830 sunt.
887 2768 970 2832 istius
990 2789 1087 2834 autem
1110 2772 1259 2851 angarffie

278 2865 374 2921 tantae,
394 2847 422 2909 ta
443 2869 524 2908 nunc
546 2848 624 2924 sunt,
644 2848 674 2910 dc
699 2866 766 2909 anre
787 2848 918 2922 fuerunt,
937 2868 972 2910 ut
989 2849 1041 2911 nili
1063 2850 1258 2916 seronffime
1301 2926 1305 2932 ¹

279 2933 385 3000 Regina
397 2927 487 2987 unius
500 2926 689 2987 beneficentia
698 2929 783 2997 nixae,
797 2925 933 2986 haetenus
945 2926 1146 2991 constitissent:
1154 2935 1260 2995 omnis

279 3003 343 3083 spes
355 3005 529 3064 eruditionis
542 3023 606 3081 quae
620 3007 662 3064 in.
671 3003 728 3066 hoc
743 3006 848 3079 juvene
860 3025 940 3064 nunc
952 3005 1001 3079 est,
1020 3008 1259 3088 singularemque

279 3084 437 3160 pollicetur
448 3082 585 3154 fructum,
604 3082 637 3141 in
648 3081 706 3159 ipsa
719 3084 812 3143 veluti
831 3081 928 3156 herba,
940 3083 1068 3163 repressa,
1088 3088 1186 3148 omnis
1202 3108 1261 3152 ex·

280 3158 406 3220 aruisset.
424 3163 523 3237 ltaque
535 3162 555 3220 sr
568 3181 645 3220 nova
656 3162 747 3236 gratia
761 3163 818 3222 διο
840 3182 856 3222 e
871 3179 930 3234 tua,
948 3181 1032 3224 vetus
1048 3166 1080 3224 in
1093 3162 1184 3226 illum
1195 3166 1262 3228 Re-

281 3237 358 3374 pinae
378 3235 568 3298 beneficentia
582 3239 728 3300 contineri
745 3180 858 3319 poted,
878 3237 987 3302 eisdem
1001 3239 1128 3317 Officiis,
1145 3241 1260 3320 quibus

304 3335 362 3373 unc
375 3315 431 3374 tibi
443 3312 639 3389 obstrinxeris,
659 3316 688 3378 δι
702 3337 749 3378 me
761 3319 848 3378 etiam
860 3318 916 3378 tibi
929 3319 1092 3396 obligatum
1105 3321 1259 3400 judicabo.

283 3393 322 3453 Et
335 3393 373 3452 sre
384 3393 460 3472 spes,
479 3395 525 3452 vel
539 3393 629 3470 hujus
642 3395 757 3471 juvenis
769 3398 802 3456 in
820 3415 885 3456 mea
906 3397 1179 3472 commendatione,
1204 3401 1261 3462 vel
1293 3431 1297 3442 ⁴

282 3489 346 3536 mea
361 3473 392 3532 in
410 3488 459 3531 tua
475 3471 566 3548 gratia
575 3473 604 3532 &
616 3471 795 3544 austoritate,
813 3474 859 3534 vel
872 3473 1002 3536 nostrum
1013 3477 1150 3540 omniurn
1162 3479 1260 3542 trium

283 3545 512 3690 ffl'simplivnia
531 3554 638 3628 Reginae
660 3549 859 3626 beneficentia,
882 3555 1007 3616 mirum
1027 3555 1096 3618 falfi
1112 3555 1143 3618 ἃ
1160 3556 1265 3619 inanis

284 3637 331 3689 ein
357 3644 393 3690 et.
466 3647 518 3687 aet

1292 1639 1308 1705 l

1105 3707 1259 3777 HIS-T.
