2646 4448
228 175 292 274 aa
331 142 393 252 D.
420 136 945 256 EBEKNAKDI
985 125 1160 238 VITA.

223 297 519 396 dicuntsinediti,¹
540 293 618 378 save
639 299 735 378 olim
750 293 860 394 editi,
878 315 929 381 »ut
947 295 1002 376 illi
1032 300 1153 406 primi
1167 325 1230 384 no·
1308 339 1310 414 p

223 435 350 520 taque
364 414 443 492 lace
460 409 709 504 donarentur,
735 407 779 491 hi
794 402 885 488 verb
902 407 1177 494 emendatiores
1194 414 1233 500 Et
1308 453 1310 508 ε

222 522 421 608 ornatiore
443 522 549 608 cultu
576 521 794 630 prodirent,
820 515 973 602 eosdem
999 545 1141 605 omnes
1166 549 1232 636 pro

222 634 328 718 varii
344 629 568 729 seculorum,
606 627 809 742 inquibus
832 626 966 739 singuli
995 631 1230 732 floruere&

221 769 297 874 pro
327 769 370 827 ar
398 762 653 839 umentorum,
690 767 769 851 quae
798 740 1025 839 tradebant,
1052 765 1226 832 concentu

220 880 267 938 nt
290 769 451 938 uiridem
468 847 596 936 classes
624 849 798 936 distinxit
813 849 1057 961 digessitque,
1087 881 1229 966 quone

221 965 316 1050 dine
342 971 382 1052 be
401 966 493 1051 serie
509 961 625 1048 essent
652 965 693 1048 in
712 967 832 1046 lucem
857 965 1112 1073 producendi.
1166 970 1234 1056 ne

220 1076 292 1168 isla
330 1104 410 1164 non
447 1099 528 1160 erat
569 1077 680 1184 parvi
716 1077 900 1182 temporis
939 1099 1005 1158 aut
1055 1075 1234 1170 laboris:

221 1183 287 1276 sed
310 1216 393 1298 quae
421 1185 513 1299 saepe
537 1183 668 1295 saepins
692 1185 881 1270 retraetari
906 1188 1054 1270 merita
1075 1187 1139 1270 est.
1194 1194 1234 1274 n
1281 1201 1284 1206 '

220 1295 313 1401 sane
328 1302 376 1386 iis
394 1297 572 1383 omnibus
590 1299 631 1380 in
653 1323 772 1380 unum
797 1301 1043 1406 complexum
1060 1303 1235 1410 colligen-

222 1412 285 1506 dis
311 1413 378 1513 vix
398 1412 512 1498 unius
534 1410 732 1516 ingenium
759 1429 824 1492 unt
851 1410 1032 1504 industria
1060 1405 1232 1504 susi'etiffe

222 1519 433 1608 videbitur.
485 1523 661 1606 Tandem
680 1547 773 1628 ergo
797 1518 953 1620 telesiir,
986 1524 1026 1604 lit
1063 1523 1115 1606 de
1137 1550 1233 1606 novo

222 1638 444 1744 exploratis,
476 1636 516 1713 dc
533 1633 582 1714 ad
598 1631 771 1716 incudem
791 1633 977 1714 revocatis
992 1635 1132 1744 primis
1150 1635 1230 1716 Col·

223 1743 413 1844 ledaneis,
442 1745 610 1840 mutatis,
646 1764 759 1850 prout
779 1745 914 1826 melior
940 1747 1046 1832 ratio
1066 1739 1231 1841 distillet,

223 1853 430 1967 additisque
445 1855 762 1965 quamplurimi&
776 1879 937 1964 quorum
954 1857 1142 1938 notitiam
1153 1859 1229 1938 alia·

224 1993 308 2050 rum
343 1966 661 2051 bibliothecarum
706 1966 898 2073 Catalogi'
921 1963 1226 2075 suppeditarunt:

225 2080 536 2187 Sciagrapbiam,
575 2075 696 2156 istunc
724 2097 896 2183 tempore
927 2077 1232 2162 reverendiffimo

223 2187 414 2298 Episcopo
447 2191 548 2297 prius
576 2191 617 2268 in
646 2211 775 2273 manus
799 2188 989 2286 traditam,
1032 2195 1077 2274 &c
1102 2217 1231 2301 prope-

223 2321 331 2383 rante
347 2305 387 2382 &
405 2301 551 2382 rudiori
577 2303 723 2379 calamo
749 2300 948 2405 depictam,
985 2301 1073 2406 pust
1104 2307 1231 2382 multos

222 2436 347 2492 annos
378 2414 619 2519 ampliatam,
649 2411 1008 2520 quatuordecirnque
1037 2415 1230 2497 volumina

221 2520 592 2632 ¹comprehensurum,
607 2517 871 2602 accuratissime
881 2523 1107 2603 delineavit.
1138 2530 1231 2602 'elane

221 2633 315 2716 verb
331 2635 472 2741 duplici
486 2634 531 2713 de
549 2628 652 2728 cauli
677 2632 785 2712 edere
806 2659 928 2739 operte
948 2638 1118 2740 pretium
1137 2636 1231 2728 duri,

222 2764 320 2842 tunt,
350 2768 392 2826 ut
411 2748 458 2825 de
471 2740 650 2825 utilissimi
667 2742 767 2822 illius
782 2769 826 2824 ae
845 2743 1037 2850 magnifici
1052 2749 1229 2855 proposui

221 2855 323 2962 sami
336 2858 466 2937 melius
484 2855 680 2950 constaret,
709 2875 804 2952 rum,
833 2877 873 2935 ut
896 2851 1101 2962 liquando
1116 2859 1230 2963 auspi·

125 3003 127 3006 ·
221 2971 364 3063 cariora
386 2967 576 3047 illuxerint
604 2987 786 3075 tempora,
814 2970 934 3073 Reges
955 2969 1229 3076 Principesque

220 3081 285 3185 qui
303 3077 503 3159 immensas
524 3079 563 3158 in
583 3075 724 3158 aedibus
744 3076 1000 3158 construendis
1022 3084 1063 3160 dt
1092 3085 1229 3162 illarum

223 3211 412 3295 apparatu
429 3214 544 3295 opes,
575 3216 623 3271 ne
643 3189 766 3269 dicam
792 3190 834 3270 in
859 3192 949 3268 luxu
983 3193 1021 3268 8(
1057 3196 1227 3300 volupta-

221 3298 337 3394 tibus,
366 3323 497 3408 patum
518 3299 552 3380 se
571 3301 713 3408 dignit,
742 3297 978 3409 nocivisque,
1001 3306 1039 3382 Sc
1059 3331 1141 3412 qrra
1166 3299 1229 3381 citu

219 3409 391 3515 effluunt,
420 3409 534 3518 longe
551 3411 761 3519 gloriostuS,
789 3413 934 3512 bruun,
963 3409 1030 3492 nili
1058 3437 1222 3522 pereunte

220 3525 377 3624 muisdia,
411 3525 615 3629 periturum
631 3526 923 3614 monimentum,
951 3524 1041 3604 inde
1059 3525 1216 3633 auspitit's

218 3632 292 3714 suis
321 3639 360 3714 8<
379 3632 629 3714 munificentii
655 3636 787 3741 regali,
817 3634 1016 3714 hominum
1033 3637 1214 3720 dostornm

218 3745 399 3826 industrii
420 3746 467 3825 ad
488 3745 525 3826 id
550 3743 935 3852 praestandumallesii
950 3749 988 3828 8<
1007 3747 1217 3855 provocati,

219 3853 554 3943 intonandum
579 3860 620 3941 δι
651 3857 873 3967 erigendum
899 3879 1084 3964 putarent.
1145 3851 1220 3959 Qud

1105 3989 1219 4058 aurern
