2612 4450
283 87 825 226 nftseotn
1012 155 1077 265 45

484 430 648 510 XXXII.

168 593 220 686 P.
249 586 471 721 Polycarpo
496 589 743 716 Carmelitae,
778 579 953 725 Tripoli.

101 857 318 946 Reverende
340 859 465 961 Pater,

91 1013 388 1100 Nerebrescente
424 1017 529 1098 fama
562 1014 582 1094 ὲ
621 1017 739 1099 literis
760 1018 848 1118 tuis,
884 1038 928 1103 ut
957 1024 1080 1127 aiunt,
1153 1035 1157 1042 ’

78 1219 83 1225 ,
121 1127 301 1240 primitfts
320 1131 418 1228 ortfi,
445 1131 497 1208 D.
522 1125 761 1210 Ludovicutn
782 1133 916 1240 Bagot‚
960 1136 1083 1224 felicis

48 1243 257 1338 memoriae,
289 1243 429 1351 prinsa
453 1237 527 1318 fide
546 1237 611 1320 sna
624 1239 855 1339 Christiana,
883 1271 1082 1354 quaman-

46 1377 108 1436 tea
126 1349 312 1462 profeffns
338 1350 401 1453 est,
433 1376 546 1460 quam
567 1380 589 1433 a
609 1355 690 1435 vita
707 1351 914 1456 descivisse,
935 1363 1085 1445 Roma-

48 1491 221 1574 namque
250 1461 359 1546 fuiffe
388 1466 637 1573 amplexum:
666 1462 862 1578 sancteque
890 1495 937 1550 ex
965 1475 1084 1558 altera

49 1601 161 1687 parte
197 1574 466 1687 profitentibus
501 1575 654 1658 famulis
687 1581 776 1686 ejus,
816 1584 1085 1696 nonnullisque

49 1691 155 1789 aliis,
184 1690 288 1799 qnod
308 1689 409 1772 ratio
427 1685 485 1768 illi
501 1688 649 1795 penitus
666 1685 853 1789 desumet,
881 1694 920 1773 &
935 1695 1016 1803 ipse
1028 1697 1087 1779 in·

51 1795 92 1881 su
101 1828 168 1912 per
195 1800 333 1899 serm0,
368 1818 458 1883 ante
477 1796 701 1908 affignatum
721 1802 813 1883 huic
832 1809 1088 1892 recantationi

52 1937 216 2022 tempus,
259 1909 357 1995 aden
387 1933 427 1994 ut
452 1937 522 1993 nec
553 1913 782 2022 intelligeret
797 1915 958 1998 aliorum
971 1916 1085 2022 sensa,

53 2052 127 2107 nee
144 2026 257 2134 plane
268 2027 506 2134 eloqueretur
522 2021 587 2104 sua
608 2053 619 2104 τ
644 2051 721 2134 qno
746 2026 878 2109 melius
895 2031 995 2112 inter
1010 2033 1088 2116 'hu-

54 2134 221 2246 jusmodi
238 2139 428 2219 contraria
439 2135 578 2216 veritas
595 2137 695 2218 mihi
710 2137 936 2241 innotescat,
970 2169 1089 2254 quam

55 2250 194 2358 utique
217 2248 418 2355 defidero3
446 2273 592 2356 precor,
611 2250 682 2330 Vir
696 2247 924 2358 digniffime,
943 2281 1089 2365 negra·

55 2364 159 2442 veris
179 2362 298 2444 totius
320 2363 373 2443 rei
392 2361 525 2442 seriem
549 2360 699 2459 ordine,
721 2387 855 2468 eaque,
887 2391 960 2474 qua
981 2369 1090 2452 decet

55 2473 315 2573 Sacerdotem,
347 2471 423 2556 fide
451 2469 671 2569 describere,
701 2476 741 2556 8(
761 2475 878 2575 illam,
911 2477 984 2557 unfa
1003 2506 1090 2562 cum

57 2585 205 2666 notitia
227 2584 367 2684 morbi,
397 2585 488 2684 diei,
516 2585 709 2692 horaeque,
736 2583 872 2696 quibus
895 2587 1089 2693 occubuit,

61 2695 330 2797 transmittere,

106 2918 405 3046 Hatebigttnecembr.
550 2919 760 3008 Reverende
778 2920 901 3024 Pater,
934 2928 1092 3007 nominis

197 3000 278 3059 [ὅθ’
604 3039 659 3116 tui
666 3030 924 3146 studitstffi1120,
940 3039 1095 3120 Domini

599 3146 707 3257 mssri
726 3141 808 3254 Jcfit
832 3148 958 3262 Christi
979 3157 1019 3230 in
1038 3184 1093 3233 ec-

604 3262 703 3340 clem
734 3293 792 3357 ua,
819 3289 890 3372 qne
902 3261 1095 3376 Halebiest

604 3370 818 3477 Anglicann,
850 3372 1019 3482 Mimssro
1032 3377 1095 3454 hu-

603 3485 760 3563 millimo
799 3482 847 3567 ὠ
891 3483 1095 3595 indigmffi-

600 3627 665 3691 tna,

984 3829 1031 3907 tt.
1049 3829 1095 3906 Η.
