<?xml version="1.0" encoding="UTF-8"?>
<!DOCTYPE html PUBLIC "-//W3C//DTD XHTML 1.0 Transitional//EN"
    "http://www.w3.org/TR/xhtml1/DTD/xhtml1-transitional.dtd">
<html xmlns="http://www.w3.org/1999/xhtml" xml:lang="en" lang="en">
 <head>
  <title>
</title>
<meta http-equiv="Content-Type" content="text/html;charset=utf-8" />
  <meta name='ocr-system' content='tesseract 3.04.00' />
  <meta name='ocr-capabilities' content='ocr_page ocr_carea ocr_par ocr_line ocrx_word'/>
</head>
<body>
  <div class='ocr_page' id='page_1' title='image "./rogeriaschamiep00sturgoog_0493.png"; bbox 0 0 2604 4462; ppageno 0'>
   <div class='ocr_carea' id='block_1_1' title="bbox 220 243 1052 362">
    <p class='ocr_par' dir='ltr' id='par_1_1' title="bbox 220 243 1052 362">
     <span class='ocr_line' id='line_1_1' title="bbox 220 243 1052 362; baseline -0.001 -31"><span class='ocrx_word' id='word_1_1' title='bbox 220 248 529 331; x_wconf 72' lang='lat' dir='ltr'><em>Emmn</em></span> <span class='ocrx_word' id='word_1_2' title='bbox 567 243 870 330; x_wconf 63' lang='lat' dir='ltr'><em>smera.</em></span> <span class='ocrx_word' id='word_1_3' title='bbox 988 281 1052 362; x_wconf 54' lang='grc' dir='ltr'><strong>μ</strong></span> 
     </span>
    </p>
   </div>
   <div class='ocr_carea' id='block_1_2' title="bbox 4 406 1127 2925">
    <p class='ocr_par' dir='ltr' id='par_1_2' title="bbox 4 406 1127 1118">
     <span class='ocr_line' id='line_1_2' title="bbox 37 406 1064 512; baseline -0.003 -31"><span class='ocrx_word' id='word_1_4' title='bbox 37 412 157 497; x_wconf 62' lang='lat' dir='ltr'><em>certa}</em></span> <span class='ocrx_word' id='word_1_5' title='bbox 190 407 414 508; x_wconf 80' lang='lat' dir='ltr'><em>manifestoque</em></span> <span class='ocrx_word' id='word_1_6' title='bbox 428 412 558 510; x_wconf 88' lang='lat' dir='ltr'><em>pignore</em></span> <span class='ocrx_word' id='word_1_7' title='bbox 576 411 651 507; x_wconf 85' lang='lat' dir='ltr'><em>jane</em></span> <span class='ocrx_word' id='word_1_8' title='bbox 657 406 843 507; x_wconf 82' lang='lat' dir='ltr'><em>spondebat.</em></span> <span class='ocrx_word' id='word_1_9' title='bbox 897 415 972 486; x_wconf 85' lang='lat' dir='ltr'><em>Nee</em></span> <span class='ocrx_word' id='word_1_10' title='bbox 988 435 1064 512; x_wconf 68' lang='lat' dir='ltr'><em>pro.</em></span> 
     </span>
     <span class='ocr_line' id='line_1_3' title="bbox 35 509 1064 615; baseline -0.002 -30"><span class='ocrx_word' id='word_1_11' title='bbox 35 510 193 585; x_wconf 72' lang='lat' dir='ltr'><em>mittebat</em></span> <span class='ocrx_word' id='word_1_12' title='bbox 202 512 356 610; x_wconf 73' lang='lat' dir='ltr'><em>ftullum</em></span> <span class='ocrx_word' id='word_1_13' title='bbox 368 510 549 592; x_wconf 77' lang='lat' dir='ltr'><em>duntaxat,</em></span> <span class='ocrx_word' id='word_1_14' title='bbox 568 509 931 608; x_wconf 77' lang='lat' dir='ltr'><em>sedetiampreslittrat.</em></span> <span class='ocrx_word' id='word_1_15' title='bbox 956 517 1064 615; x_wconf 75' lang='lat' dir='ltr'><em>Qd</em></span> 
     </span>
     <span class='ocr_line' id='line_1_4' title="bbox 34 609 1127 713; baseline 0.005 -27"><span class='ocrx_word' id='word_1_16' title='bbox 34 617 80 686; x_wconf 85' lang='lat' dir='ltr'><em>ed</em></span> <span class='ocrx_word' id='word_1_17' title='bbox 93 639 154 685; x_wconf 87' lang='lat' dir='ltr'><em>me</em></span> <span class='ocrx_word' id='word_1_18' title='bbox 167 620 313 696; x_wconf 86' lang='lat' dir='ltr'><em>attinet,</em></span> <span class='ocrx_word' id='word_1_19' title='bbox 348 637 422 682; x_wconf 88' lang='lat' dir='ltr'><em>cum</em></span> <span class='ocrx_word' id='word_1_20' title='bbox 436 609 506 683; x_wconf 87' lang='lat' dir='ltr'><em>beri</em></span> <span class='ocrx_word' id='word_1_21' title='bbox 520 612 624 701; x_wconf 82' lang='lat' dir='ltr'><em>mibi,</em></span> <span class='ocrx_word' id='word_1_22' title='bbox 654 636 709 684; x_wconf 89' lang='lat' dir='ltr'><em>nec</em></span> <span class='ocrx_word' id='word_1_23' title='bbox 732 619 815 700; x_wconf 73' lang='lat' dir='ltr'><em>enim</em></span> <span class='ocrx_word' id='word_1_24' title='bbox 838 637 913 686; x_wconf 87' lang='lat' dir='ltr'><em>ante</em></span> <span class='ocrx_word' id='word_1_25' title='bbox 925 621 1060 713; x_wconf 85' lang='lat' dir='ltr'><em>rescivi,</em></span> <span class='ocrx_word' id='word_1_26' title='bbox 1124 686 1127 692; x_wconf 92' lang='lat'><em>.</em></span> 
     </span>
     <span class='ocr_line' id='line_1_5' title="bbox 33 709 1064 811; baseline 0.004 -27"><span class='ocrx_word' id='word_1_27' title='bbox 33 713 230 811; x_wconf 75' lang='lat' dir='ltr'><em>trissiffimus</em></span> <span class='ocrx_word' id='word_1_28' title='bbox 246 712 299 786; x_wconf 90' lang='lat' dir='ltr'><em>bic</em></span> <span class='ocrx_word' id='word_1_29' title='bbox 311 721 443 786; x_wconf 88' lang='lat' dir='ltr'><em>nuncius</em></span> <span class='ocrx_word' id='word_1_30' title='bbox 457 721 495 796; x_wconf 67' lang='lat' dir='ltr'><em>cb</em></span> <span class='ocrx_word' id='word_1_31' title='bbox 509 709 716 807; x_wconf 84' lang='lat' dir='ltr'><em>acerbiffimus</em></span> <span class='ocrx_word' id='word_1_32' title='bbox 729 715 843 784; x_wconf 68' lang='grc' dir='ltr'><em>ιΙΙαηιε</em></span> <span class='ocrx_word' id='word_1_33' title='bbox 862 715 949 809; x_wconf 78' lang='lat' dir='ltr'><em>effer,</em></span> <span class='ocrx_word' id='word_1_34' title='bbox 971 717 1064 794; x_wconf 81' lang='lat' dir='ltr'><em>baud</em></span> 
     </span>
     <span class='ocr_line' id='line_1_6' title="bbox 33 811 1060 913; baseline 0.008 -27"><span class='ocrx_word' id='word_1_35' title='bbox 33 819 138 886; x_wconf 85' lang='lat' dir='ltr'><em>aliter</em></span> <span class='ocrx_word' id='word_1_36' title='bbox 152 813 322 898; x_wconf 72' lang='lat' dir='ltr'><em>inhorrui,</em></span> <span class='ocrx_word' id='word_1_37' title='bbox 350 811 516 913; x_wconf 74' lang='lat' dir='ltr'><em>stupuique</em></span> <span class='ocrx_word' id='word_1_38' title='bbox 529 813 679 905; x_wconf 79' lang='lat' dir='ltr'><em>defixus,</em></span> <span class='ocrx_word' id='word_1_39' title='bbox 710 839 748 884; x_wconf 92' lang='lat' dir='ltr'><em>ac</em></span> <span class='ocrx_word' id='word_1_40' title='bbox 757 816 792 904; x_wconf 86' lang='lat' dir='ltr'><em>st</em></span> <span class='ocrx_word' id='word_1_41' title='bbox 804 816 955 909; x_wconf 78' lang='lat' dir='ltr'><em>fulminis</em></span> <span class='ocrx_word' id='word_1_42' title='bbox 974 847 1060 894; x_wconf 90' lang='lat' dir='ltr'><em>aura</em></span> 
     </span>
     <span class='ocr_line' id='line_1_7' title="bbox 34 913 1059 1014; baseline -0.003 -28"><span class='ocrx_word' id='word_1_43' title='bbox 34 918 169 1011; x_wconf 85' lang='lat' dir='ltr'><em>afflatus</em></span> <span class='ocrx_word' id='word_1_44' title='bbox 181 923 217 987; x_wconf 90' lang='lat' dir='ltr'><em>in</em></span> <span class='ocrx_word' id='word_1_45' title='bbox 230 913 308 1007; x_wconf 65' lang='lat' dir='ltr'><em>velli</em></span> <span class='ocrx_word' id='word_1_46' title='bbox 328 921 357 984; x_wconf 91' lang='lat' dir='ltr'><em>io</em></span> <span class='ocrx_word' id='word_1_47' title='bbox 370 913 514 1009; x_wconf 77' lang='lat' dir='ltr'><em>bafiffem.</em></span> <span class='ocrx_word' id='word_1_48' title='bbox 547 917 622 986; x_wconf 86' lang='lat' dir='ltr'><em>Nec</em></span> <span class='ocrx_word' id='word_1_49' title='bbox 633 924 724 1010; x_wconf 91' lang='lat' dir='ltr'><em>potui</em></span> <span class='ocrx_word' id='word_1_50' title='bbox 738 940 787 984; x_wconf 92' lang='lat' dir='ltr'><em>me</em></span> <span class='ocrx_word' id='word_1_51' title='bbox 796 937 855 1010; x_wconf 85' lang='lat' dir='ltr'><em>per</em></span> <span class='ocrx_word' id='word_1_52' title='bbox 866 923 987 1014; x_wconf 79' lang='lat' dir='ltr'><em>aliquot</em></span> <span class='ocrx_word' id='word_1_53' title='bbox 1002 920 1059 992; x_wconf 88' lang='lat' dir='ltr'><em>bo.</em></span> 
     </span>
     <span class='ocr_line' id='line_1_8' title="bbox 4 1011 1060 1118; baseline 0.004 -30"><span class='ocrx_word' id='word_1_54' title='bbox 4 1037 8 1042; x_wconf 83' lang='lat'>&#39;</span> <span class='ocrx_word' id='word_1_55' title='bbox 37 1042 97 1088; x_wconf 85' lang='lat' dir='ltr'><em>ras</em></span> <span class='ocrx_word' id='word_1_56' title='bbox 114 1019 271 1118; x_wconf 75' lang='lat' dir='ltr'><em>coligere3</em></span> <span class='ocrx_word' id='word_1_57' title='bbox 317 1023 399 1086; x_wconf 89' lang='lat' dir='ltr'><em>atim</em></span> <span class='ocrx_word' id='word_1_58' title='bbox 419 1013 649 1112; x_wconf 76' lang='lat' dir='ltr'><em>obvtrfitbatur</em></span> <span class='ocrx_word' id='word_1_59' title='bbox 661 1023 767 1086; x_wconf 90' lang='lat' dir='ltr'><em>animo</em></span> <span class='ocrx_word' id='word_1_60' title='bbox 782 1019 827 1086; x_wconf 88' lang='lat' dir='ltr'><em>ele</em></span> <span class='ocrx_word' id='word_1_61' title='bbox 846 1011 990 1110; x_wconf 82' lang='lat' dir='ltr'><em>antiffinri</em></span> <span class='ocrx_word' id='word_1_62' title='bbox 998 1025 1060 1115; x_wconf 83' lang='lat' dir='ltr'><em>ju·</em></span> 
     </span>
    </p>

    <p class='ocr_par' dir='ltr' id='par_1_3' title="bbox 33 1041 1077 2925">
     <span class='ocr_line' id='line_1_9' title="bbox 39 1041 1059 1217; baseline 0.001 -30"><span class='ocrx_word' id='word_1_63' title='bbox 39 1127 137 1188; x_wconf 83' lang='lat' dir='ltr'><em>venis</em></span> <span class='ocrx_word' id='word_1_64' title='bbox 149 1121 278 1202; x_wconf 84' lang='lat' dir='ltr'><em>vultus,</em></span> <span class='ocrx_word' id='word_1_65' title='bbox 301 1115 447 1212; x_wconf 80' lang='lat' dir='ltr'><em>inceffur,</em></span> <span class='ocrx_word' id='word_1_66' title='bbox 475 1113 597 1217; x_wconf 81' lang='lat' dir='ltr'><em>gestus,</em></span> <span class='ocrx_word' id='word_1_67' title='bbox 631 1124 669 1198; x_wconf 66' lang='lat' dir='ltr'><em>(b</em></span> <span class='ocrx_word' id='word_1_68' title='bbox 686 1126 791 1187; x_wconf 92' lang='lat' dir='ltr'><em>omnia</em></span> <span class='ocrx_word' id='word_1_69' title='bbox 805 1041 891 1186; x_wconf 66' lang='lat' dir='ltr'><em>ebila</em></span> <span class='ocrx_word' id='word_1_70' title='bbox 903 1120 1059 1217; x_wconf 69' lang='lat' dir='ltr'><em>sellaque</em></span> 
     </span>
     <span class='ocr_line' id='line_1_10' title="bbox 42 1217 1059 1316; baseline 0.003 -29"><span class='ocrx_word' id='word_1_71' title='bbox 42 1228 127 1288; x_wconf 83' lang='lat' dir='ltr'><em>miro</em></span> <span class='ocrx_word' id='word_1_72' title='bbox 148 1222 247 1316; x_wconf 90' lang='lat' dir='ltr'><em>lepore</em></span> <span class='ocrx_word' id='word_1_73' title='bbox 271 1223 309 1300; x_wconf 63' lang='lat' dir='ltr'><em>(b</em></span> <span class='ocrx_word' id='word_1_74' title='bbox 323 1225 503 1288; x_wconf 77' lang='lat' dir='ltr'><em>amoenitate</em></span> <span class='ocrx_word' id='word_1_75' title='bbox 516 1217 647 1288; x_wconf 86' lang='lat' dir='ltr'><em>condita.</em></span> <span class='ocrx_word' id='word_1_76' title='bbox 699 1217 762 1289; x_wconf 85' lang='lat' dir='ltr'><em>Sed</em></span> <span class='ocrx_word' id='word_1_77' title='bbox 786 1225 831 1299; x_wconf 60' lang='grc' dir='ltr'><em>ὠ·</em></span> <span class='ocrx_word' id='word_1_78' title='bbox 842 1221 935 1289; x_wconf 85' lang='lat' dir='ltr'><em>celeri</em></span> <span class='ocrx_word' id='word_1_79' title='bbox 953 1222 1059 1314; x_wconf 80' lang='lat' dir='ltr'><em>moeste</em></span> 
     </span>
     <span class='ocr_line' id='line_1_11' title="bbox 40 1314 1057 1418; baseline 0.002 -28"><span class='ocrx_word' id='word_1_80' title='bbox 40 1321 159 1390; x_wconf 61' lang='lat' dir='ltr'><em>mmor?</em></span> <span class='ocrx_word' id='word_1_81' title='bbox 178 1327 350 1415; x_wconf 75' lang='lat' dir='ltr'><em>agitatione</em></span> <span class='ocrx_word' id='word_1_82' title='bbox 362 1326 458 1388; x_wconf 87' lang='lat' dir='ltr'><em>varia</em></span> <span class='ocrx_word' id='word_1_83' title='bbox 473 1315 583 1390; x_wconf 79' lang='lat' dir='ltr'><em>deinde</em></span> <span class='ocrx_word' id='word_1_84' title='bbox 598 1314 774 1418; x_wconf 82' lang='lat' dir='ltr'><em>cogitabam</em></span> <span class='ocrx_word' id='word_1_85' title='bbox 791 1373 803 1406; x_wconf 89' lang='lat'><strong>‚</strong></span> <span class='ocrx_word' id='word_1_86' title='bbox 832 1339 991 1414; x_wconf 88' lang='lat' dir='ltr'><em>quantum</em></span> <span class='ocrx_word' id='word_1_87' title='bbox 1004 1324 1057 1394; x_wconf 84' lang='lat' dir='ltr'><em>de-</em></span> 
     </span>
     <span class='ocr_line' id='line_1_12' title="bbox 42 1417 1077 1516; baseline 0.007 -28"><span class='ocrx_word' id='word_1_88' title='bbox 42 1438 236 1490; x_wconf 74' lang='lat' dir='ltr'><em>trimentum</em></span> <span class='ocrx_word' id='word_1_89' title='bbox 250 1417 426 1516; x_wconf 82' lang='lat' dir='ltr'><em>accepo&#39;ffent</em></span> <span class='ocrx_word' id='word_1_90' title='bbox 440 1421 572 1504; x_wconf 82' lang='lat' dir='ltr'><em>littere3</em></span> <span class='ocrx_word' id='word_1_91' title='bbox 599 1439 764 1515; x_wconf 20' lang='lat' dir='ltr'><em>,quantum</em></span> <span class='ocrx_word' id='word_1_92' title='bbox 779 1417 911 1515; x_wconf 88' lang='lat' dir='ltr'><em>denique</em></span> <span class='ocrx_word' id='word_1_93' title='bbox 934 1421 1057 1495; x_wconf 74' lang='lat' dir='ltr'><em>tottam</em></span> <span class='ocrx_word' id='word_1_94' title='bbox 1075 1443 1077 1446; x_wconf 82' lang='grc'><strong>’</strong></span> 
     </span>
     <span class='ocr_line' id='line_1_13' title="bbox 41 1517 1058 1616; baseline 0.005 -28"><span class='ocrx_word' id='word_1_95' title='bbox 41 1544 77 1588; x_wconf 88' lang='lat' dir='ltr'><em>ea</em></span> <span class='ocrx_word' id='word_1_96' title='bbox 89 1519 154 1590; x_wconf 87' lang='lat' dir='ltr'><em>tibi</em></span> <span class='ocrx_word' id='word_1_97' title='bbox 173 1545 258 1592; x_wconf 85' lang='lat' dir='ltr'><em>mors</em></span> <span class='ocrx_word' id='word_1_98' title='bbox 278 1519 451 1616; x_wconf 60' lang='lat' dir='ltr'><em>adferrem</em></span> <span class='ocrx_word' id='word_1_99' title='bbox 489 1544 572 1590; x_wconf 88' lang='lat' dir='ltr'><em>nunc</em></span> <span class='ocrx_word' id='word_1_100' title='bbox 595 1517 770 1614; x_wconf 81' lang='lat' dir='ltr'><em>miserabar</em></span> <span class='ocrx_word' id='word_1_101' title='bbox 801 1539 894 1591; x_wconf 89' lang='lat' dir='ltr'><em>tuam</em></span> <span class='ocrx_word' id='word_1_102' title='bbox 926 1531 1058 1611; x_wconf 71' lang='lat' dir='ltr'><em>vicem,</em></span> 
     </span>
     <span class='ocr_line' id='line_1_14' title="bbox 41 1617 1057 1717; baseline 0.007 -29"><span class='ocrx_word' id='word_1_103' title='bbox 41 1623 250 1715; x_wconf 86' lang='lat' dir='ltr'><em>nuncfatum</em></span> <span class='ocrx_word' id='word_1_104' title='bbox 258 1617 446 1717; x_wconf 75' lang='lat' dir='ltr'><em>pubiicum,</em></span> <span class='ocrx_word' id='word_1_105' title='bbox 481 1629 682 1692; x_wconf 88' lang='lat' dir='ltr'><em>nuncetiam</em></span> <span class='ocrx_word' id='word_1_106' title='bbox 705 1645 813 1690; x_wconf 90' lang='lat' dir='ltr'><em>meum</em></span> <span class='ocrx_word' id='word_1_107' title='bbox 834 1623 949 1716; x_wconf 81' lang='lat' dir='ltr'><em>ipfius,</em></span> <span class='ocrx_word' id='word_1_108' title='bbox 982 1648 1057 1696; x_wconf 81' lang='lat' dir='ltr'><em>cunt</em></span> 
     </span>
     <span class='ocr_line' id='line_1_15' title="bbox 35 1720 1058 1817; baseline 0.004 -27"><span class='ocrx_word' id='word_1_109' title='bbox 35 1724 155 1816; x_wconf 84' lang='lat' dir='ltr'><em>scirem</em></span> <span class='ocrx_word' id='word_1_110' title='bbox 180 1721 232 1791; x_wconf 86' lang='lat' dir='ltr'><em>me</em></span> <span class='ocrx_word' id='word_1_111' title='bbox 253 1741 398 1792; x_wconf 89' lang='lat' dir='ltr'><em>amatum</em></span> <span class='ocrx_word' id='word_1_112' title='bbox 412 1720 506 1817; x_wconf 77' lang='lat' dir='ltr'><em>fuiffe</em></span> <span class='ocrx_word' id='word_1_113' title='bbox 525 1745 585 1790; x_wconf 89' lang='lat' dir='ltr'><em>non</em></span> <span class='ocrx_word' id='word_1_114' title='bbox 606 1723 718 1791; x_wconf 85' lang='lat' dir='ltr'><em>leviter</em></span> <span class='ocrx_word' id='word_1_115' title='bbox 739 1747 761 1792; x_wconf 91' lang='lat' dir='ltr'><em>a</em></span> <span class='ocrx_word' id='word_1_116' title='bbox 778 1724 926 1816; x_wconf 79' lang='lat' dir='ltr'><em>praciam</em></span> <span class='ocrx_word' id='word_1_117' title='bbox 950 1723 1058 1794; x_wconf 83' lang='lat' dir='ltr'><em>adole·</em></span> 
     </span>
     <span class='ocr_line' id='line_1_16' title="bbox 33 1819 1057 1924; baseline 0.003 -33"><span class='ocrx_word' id='word_1_118' title='bbox 33 1826 159 1914; x_wconf 74' lang='lat' dir='ltr'><em>scente,</em></span> <span class='ocrx_word' id='word_1_119' title='bbox 185 1824 278 1917; x_wconf 77' lang='lat' dir='ltr'><em>cujus</em></span> <span class='ocrx_word' id='word_1_120' title='bbox 290 1849 343 1924; x_wconf 74' lang='lat' dir='ltr'><em>ego</em></span> <span class='ocrx_word' id='word_1_121' title='bbox 357 1819 530 1892; x_wconf 85' lang='lat' dir='ltr'><em>virtutibus</em></span> <span class='ocrx_word' id='word_1_122' title='bbox 545 1829 583 1903; x_wconf 62' lang='grc' dir='ltr'><em>φ’</em></span> <span class='ocrx_word' id='word_1_123' title='bbox 598 1820 752 1913; x_wconf 64' lang='lat' dir='ltr'><em>dolium,</em></span> <span class='ocrx_word' id='word_1_124' title='bbox 765 1823 841 1892; x_wconf 78' lang='lat' dir='ltr'><em>adeo</em></span> <span class='ocrx_word' id='word_1_125' title='bbox 859 1820 990 1892; x_wconf 82' lang='lat' dir='ltr'><em>notabili</em></span> <span class='ocrx_word' id='word_1_126' title='bbox 1005 1832 1057 1894; x_wconf 87' lang='lat' dir='ltr'><em>in·</em></span> 
     </span>
     <span class='ocr_line' id='line_1_17' title="bbox 41 1918 1054 2022; baseline 0.003 -32"><span class='ocrx_word' id='word_1_127' title='bbox 41 1942 200 1992; x_wconf 82' lang='lat' dir='ltr'><em>cremento</em></span> <span class='ocrx_word' id='word_1_128' title='bbox 213 1920 468 2022; x_wconf 77' lang='lat' dir='ltr'><em>adfhrgentibus‚</em></span> <span class='ocrx_word' id='word_1_129' title='bbox 484 1929 619 1991; x_wconf 90' lang='lat' dir='ltr'><em>nimium</em></span> <span class='ocrx_word' id='word_1_130' title='bbox 632 1943 791 2016; x_wconf 84' lang='lat' dir='ltr'><em>quantum</em></span> <span class='ocrx_word' id='word_1_131' title='bbox 798 1918 967 2017; x_wconf 82' lang='lat' dir='ltr'><em>favebam,</em></span> <span class='ocrx_word' id='word_1_132' title='bbox 988 1929 1054 1996; x_wconf 78' lang='grc' dir='ltr'><em>διε.</em></span> 
     </span>
     <span class='ocr_line' id='line_1_18' title="bbox 41 2017 1055 2121; baseline 0.002 -29"><span class='ocrx_word' id='word_1_133' title='bbox 41 2023 93 2092; x_wconf 85' lang='lat' dir='ltr'><em>Et</em></span> <span class='ocrx_word' id='word_1_134' title='bbox 107 2019 252 2119; x_wconf 81' lang='lat' dir='ltr'><em>Epistola&#39;</em></span> <span class='ocrx_word' id='word_1_135' title='bbox 265 2044 326 2118; x_wconf 87' lang='lat'><em>42.</em></span> <span class='ocrx_word' id='word_1_136' title='bbox 343 2020 383 2095; x_wconf 84' lang='lat' dir='ltr'><em>ad</em></span> <span class='ocrx_word' id='word_1_137' title='bbox 402 2018 554 2099; x_wconf 83' lang='lat' dir='ltr'><em>Eundem</em></span> <span class='ocrx_word' id='word_1_138' title='bbox 564 2017 594 2119; x_wconf 74' lang='lat' dir='ltr'><em>J.</em></span> <span class='ocrx_word' id='word_1_139' title='bbox 613 2027 652 2092; x_wconf 86' lang='lat' dir='ltr'><em>G.</em></span> <span class='ocrx_word' id='word_1_140' title='bbox 671 2021 806 2112; x_wconf 87' lang='lat' dir='ltr'><em>Vofflum</em></span> <span class='ocrx_word' id='word_1_141' title='bbox 822 2020 955 2121; x_wconf 85' lang='lat' dir='ltr'><em>scripta:</em></span> <span class='ocrx_word' id='word_1_142' title='bbox 980 2029 1055 2094; x_wconf 83' lang='lat' dir='ltr'><em>Au-</em></span> 
     </span>
     <span class='ocr_line' id='line_1_19' title="bbox 41 2117 1054 2220; baseline -0.002 -30"><span class='ocrx_word' id='word_1_143' title='bbox 41 2123 422 2220; x_wconf 82' lang='lat' dir='ltr'><em>teale&#39;quotseprimanas,</em></span> <span class='ocrx_word' id='word_1_144' title='bbox 448 2117 634 2207; x_wconf 88' lang='lat' dir='ltr'><em>exorditur,</em></span> <span class='ocrx_word' id='word_1_145' title='bbox 650 2125 761 2218; x_wconf 82' lang='lat' dir='ltr'><em>scripfi</em></span> <span class='ocrx_word' id='word_1_146' title='bbox 771 2121 816 2191; x_wconf 86' lang='lat' dir='ltr'><em>ad</em></span> <span class='ocrx_word' id='word_1_147' title='bbox 828 2142 877 2205; x_wconf 87' lang='lat' dir='ltr'><em>te,</em></span> <span class='ocrx_word' id='word_1_148' title='bbox 904 2128 966 2193; x_wconf 88' lang='lat' dir='ltr'><em>Vir</em></span> <span class='ocrx_word' id='word_1_149' title='bbox 979 2149 1054 2196; x_wconf 86' lang='lat' dir='ltr'><em>ma.</em></span> 
     </span>
     <span class='ocr_line' id='line_1_20' title="bbox 36 2221 1054 2321; baseline 0.005 -32"><span class='ocrx_word' id='word_1_150' title='bbox 36 2247 118 2321; x_wconf 83' lang='lat' dir='ltr'><em>gne,</em></span> <span class='ocrx_word' id='word_1_151' title='bbox 141 2243 180 2293; x_wconf 92' lang='lat' dir='ltr'><em>ut</em></span> <span class='ocrx_word' id='word_1_152' title='bbox 194 2249 299 2294; x_wconf 89' lang='lat' dir='ltr'><em>meum</em></span> <span class='ocrx_word' id='word_1_153' title='bbox 314 2222 373 2294; x_wconf 88' lang='lat' dir='ltr'><em>tibi</em></span> <span class='ocrx_word' id='word_1_154' title='bbox 385 2224 520 2295; x_wconf 84' lang='lat' dir='ltr'><em>dolorem</em></span> <span class='ocrx_word' id='word_1_155' title='bbox 535 2221 681 2313; x_wconf 76' lang='lat' dir='ltr'><em>testarer,</em></span> <span class='ocrx_word' id='word_1_156' title='bbox 705 2247 799 2318; x_wconf 78' lang='lat' dir='ltr'><em>quem</em></span> <span class='ocrx_word' id='word_1_157' title='bbox 812 2245 853 2292; x_wconf 80' lang='lat' dir='ltr'><em>ex</em></span> <span class='ocrx_word' id='word_1_158' title='bbox 866 2243 967 2294; x_wconf 87' lang='lat' dir='ltr'><em>morte</em></span> <span class='ocrx_word' id='word_1_159' title='bbox 975 2245 1054 2321; x_wconf 83' lang='lat' dir='ltr'><em>pta-</em></span> 
     </span>
     <span class='ocr_line' id='line_1_21' title="bbox 34 2319 1053 2420; baseline 0.005 -30"><span class='ocrx_word' id='word_1_160' title='bbox 34 2319 213 2417; x_wconf 72' lang='lat' dir='ltr'><em>plantcffimi</em></span> <span class='ocrx_word' id='word_1_161' title='bbox 225 2320 381 2420; x_wconf 61' lang='lat' dir='ltr'><em>pluvem&#39;a,</em></span> <span class='ocrx_word' id='word_1_162' title='bbox 414 2350 453 2394; x_wconf 89' lang='lat' dir='ltr'><em>ac</em></span> <span class='ocrx_word' id='word_1_163' title='bbox 473 2327 654 2418; x_wconf 76' lang='lat' dir='ltr'><em>Musarum</em></span> <span class='ocrx_word' id='word_1_164' title='bbox 680 2327 931 2418; x_wconf 85' lang='lat' dir='ltr'><em>Gratiarumque</em></span> <span class='ocrx_word' id='word_1_165' title='bbox 951 2349 1053 2395; x_wconf 88' lang='lat' dir='ltr'><em>manu</em></span> 
     </span>
     <span class='ocr_line' id='line_1_22' title="bbox 37 2425 1051 2522; baseline 0.005 -32"><span class='ocrx_word' id='word_1_166' title='bbox 37 2425 191 2518; x_wconf 78' lang='lat' dir='ltr'><em>fellifilii</em></span> <span class='ocrx_word' id='word_1_167' title='bbox 216 2433 266 2495; x_wconf 88' lang='lat' dir='ltr'><em>tul</em></span> <span class='ocrx_word' id='word_1_168' title='bbox 285 2449 450 2522; x_wconf 81' lang='lat' dir='ltr'><em>ceperam,</em></span> <span class='ocrx_word' id='word_1_169' title='bbox 480 2449 539 2492; x_wconf 88' lang='lat' dir='ltr'><em>non</em></span> <span class='ocrx_word' id='word_1_170' title='bbox 555 2450 587 2495; x_wconf 92' lang='lat' dir='ltr'><em>eo</em></span> <span class='ocrx_word' id='word_1_171' title='bbox 608 2442 691 2493; x_wconf 90' lang='lat' dir='ltr'><em>certe</em></span> <span class='ocrx_word' id='word_1_172' title='bbox 709 2432 814 2492; x_wconf 86' lang='lat' dir='ltr'><em>animo</em></span> <span class='ocrx_word' id='word_1_173' title='bbox 836 2445 873 2491; x_wconf 92' lang='lat' dir='ltr'><em>ut</em></span> <span class='ocrx_word' id='word_1_174' title='bbox 894 2444 989 2496; x_wconf 90' lang='lat' dir='ltr'><em>tuum</em></span> <span class='ocrx_word' id='word_1_175' title='bbox 999 2427 1051 2495; x_wconf 86' lang='lat' dir='ltr'><em>lu·</em></span> 
     </span>
     <span class='ocr_line' id='line_1_23' title="bbox 44 2521 1053 2625; baseline 0.004 -33"><span class='ocrx_word' id='word_1_176' title='bbox 44 2525 126 2594; x_wconf 78' lang='lat' dir='ltr'><em>llum</em></span> <span class='ocrx_word' id='word_1_177' title='bbox 136 2527 304 2615; x_wconf 72' lang='lat' dir='ltr'><em>honrem,</em></span> <span class='ocrx_word' id='word_1_178' title='bbox 329 2551 422 2622; x_wconf 84' lang='lat' dir='ltr'><em>quem</em></span> <span class='ocrx_word' id='word_1_179' title='bbox 438 2552 497 2594; x_wconf 89' lang='lat' dir='ltr'><em>non</em></span> <span class='ocrx_word' id='word_1_180' title='bbox 506 2521 691 2595; x_wconf 88' lang='lat' dir='ltr'><em>dubitabam</em></span> <span class='ocrx_word' id='word_1_181' title='bbox 705 2523 758 2615; x_wconf 82' lang='lat' dir='ltr'><em>effe</em></span> <span class='ocrx_word' id='word_1_182' title='bbox 771 2529 972 2625; x_wconf 78' lang='lat' dir='ltr'><em>maximum,</em></span> <span class='ocrx_word' id='word_1_183' title='bbox 990 2523 1053 2618; x_wconf 83' lang='lat' dir='ltr'><em>sed</em></span> 
     </span>
     <span class='ocr_line' id='line_1_24' title="bbox 42 2623 1050 2722; baseline 0 -28"><span class='ocrx_word' id='word_1_184' title='bbox 42 2644 78 2694; x_wconf 86' lang='lat' dir='ltr'><em>ut</em></span> <span class='ocrx_word' id='word_1_185' title='bbox 90 2650 142 2695; x_wconf 88' lang='lat' dir='ltr'><em>nce</em></span> <span class='ocrx_word' id='word_1_186' title='bbox 158 2650 284 2721; x_wconf 85' lang='lat' dir='ltr'><em>quoque</em></span> <span class='ocrx_word' id='word_1_187' title='bbox 296 2629 362 2720; x_wconf 81' lang='lat' dir='ltr'><em>ejus</em></span> <span class='ocrx_word' id='word_1_188' title='bbox 374 2635 559 2722; x_wconf 87' lang='lat' dir='ltr'><em>participem</em></span> <span class='ocrx_word' id='word_1_189' title='bbox 574 2623 775 2712; x_wconf 57' lang='lat' dir='ltr'><em>pleniorem,</em></span> <span class='ocrx_word' id='word_1_190' title='bbox 804 2631 859 2719; x_wconf 86' lang='lat' dir='ltr'><em>qui</em></span> <span class='ocrx_word' id='word_1_191' title='bbox 874 2626 1050 2717; x_wconf 76' lang='lat' dir='ltr'><em>neustriam</em></span> 
     </span>
     <span class='ocr_line' id='line_1_25' title="bbox 41 2724 1051 2819; baseline -0.001 -26"><span class='ocrx_word' id='word_1_192' title='bbox 41 2733 181 2795; x_wconf 67' lang='lat' dir='ltr'><em>annuum</em></span> <span class='ocrx_word' id='word_1_193' title='bbox 196 2726 370 2818; x_wconf 80' lang='lat' dir='ltr'><em>amicifflmi</em></span> <span class='ocrx_word' id='word_1_194' title='bbox 384 2727 566 2818; x_wconf 84' lang='lat' dir='ltr'><em>virifilium</em></span> <span class='ocrx_word' id='word_1_195' title='bbox 590 2724 770 2818; x_wconf 75' lang='lat' dir='ltr'><em>amibffem,</em></span> <span class='ocrx_word' id='word_1_196' title='bbox 795 2726 858 2819; x_wconf 86' lang='lat' dir='ltr'><em>sed</em></span> <span class='ocrx_word' id='word_1_197' title='bbox 875 2727 973 2792; x_wconf 84' lang='lat' dir='ltr'><em>etiam</em></span> <span class='ocrx_word' id='word_1_198' title='bbox 996 2729 1051 2794; x_wconf 91' lang='lat' dir='ltr'><em>lit·</em></span> 
     </span>
     <span class='ocr_line' id='line_1_26' title="bbox 44 2825 1049 2925; baseline 0.004 -35"><span class='ocrx_word' id='word_1_199' title='bbox 44 2843 182 2894; x_wconf 86' lang='lat' dir='ltr'><em>terarum</em></span> <span class='ocrx_word' id='word_1_200' title='bbox 202 2828 278 2896; x_wconf 90' lang='lat' dir='ltr'><em>olim</em></span> <span class='ocrx_word' id='word_1_201' title='bbox 292 2852 443 2925; x_wconf 82' lang='lat' dir='ltr'><em>magnum</em></span> <span class='ocrx_word' id='word_1_202' title='bbox 460 2825 617 2895; x_wconf 76' lang='lat' dir='ltr'><em>tibicinem</em></span> <span class='ocrx_word' id='word_1_203' title='bbox 624 2828 802 2918; x_wconf 88' lang='lat' dir='ltr'><em>futurum,</em></span> <span class='ocrx_word' id='word_1_204' title='bbox 835 2845 1049 2920; x_wconf 84' lang='lat' dir='ltr'><em>magnumque</em></span> 
     </span>
    </p>
   </div>
   <div class='ocr_carea' id='block_1_3' title="bbox 48 2911 1241 3021">
    <p class='ocr_par' dir='ltr' id='par_1_4' title="bbox 48 2911 1241 3021">
     <span class='ocr_line' id='line_1_27' title="bbox 48 2911 1241 3021; baseline 0.004 -30"><span class='ocrx_word' id='word_1_205' title='bbox 48 2923 155 3008; x_wconf 66' lang='lat' dir='ltr'><em>aeas,</em></span> <span class='ocrx_word' id='word_1_206' title='bbox 177 2928 215 3015; x_wconf 87' lang='lat' dir='ltr'><em>ſs</em></span> <span class='ocrx_word' id='word_1_207' title='bbox 224 2934 297 3000; x_wconf 77' lang='lat' dir='ltr'><em>vita</em></span> <span class='ocrx_word' id='word_1_208' title='bbox 318 2930 361 2998; x_wconf 89' lang='lat' dir='ltr'><em>illi</em></span> <span class='ocrx_word' id='word_1_209' title='bbox 373 2975 386 3011; x_wconf 90' lang='lat'><em>,</em></span> <span class='ocrx_word' id='word_1_210' title='bbox 420 2932 485 3004; x_wconf 83' lang='lat' dir='ltr'><em>Dei</em></span> <span class='ocrx_word' id='word_1_211' title='bbox 508 2925 698 3007; x_wconf 84' lang='lat' dir='ltr'><em>voluntate,</em></span> <span class='ocrx_word' id='word_1_212' title='bbox 730 2926 846 3021; x_wconf 82' lang='lat' dir='ltr'><em>longior</em></span> <span class='ocrx_word' id='word_1_213' title='bbox 867 2922 934 3017; x_wconf 81' lang='lat' dir='ltr'><em>effet</em></span> <span class='ocrx_word' id='word_1_214' title='bbox 956 2921 1046 3002; x_wconf 85' lang='lat' dir='ltr'><em>data,</em></span> <span class='ocrx_word' id='word_1_215' title='bbox 1154 2997 1156 3000; x_wconf 77' lang='grc'><strong>,</strong></span> <span class='ocrx_word' id='word_1_216' title='bbox 1234 2911 1241 2920; x_wconf 45' lang='grc'><em>“</em></span> 
     </span>
    </p>
   </div>
   <div class='ocr_carea' id='block_1_4' title="bbox 48 3024 206 3104">
    <p class='ocr_par' dir='ltr' id='par_1_5' title="bbox 48 3024 206 3104">
     <span class='ocr_line' id='line_1_28' title="bbox 48 3024 206 3104; baseline 0.051 -8"><span class='ocrx_word' id='word_1_217' title='bbox 48 3024 125 3100; x_wconf 81' lang='lat' dir='ltr'><em>Haec</em></span> <span class='ocrx_word' id='word_1_218' title='bbox 139 3024 206 3104; x_wconf 78' lang='lat' dir='ltr'><em>isse.</em></span> 
     </span>
    </p>
   </div>
   <div class='ocr_carea' id='block_1_5' title="bbox 0 0 1306 4462">
    <p class='ocr_par' dir='ltr' id='par_1_6' title="bbox 0 0 1306 4462">
     <span class='ocr_line' id='line_1_29' title="bbox 0 0 1306 4462; baseline 0 5"><span class='ocrx_word' id='word_1_219' title='bbox 0 0 1306 4462; x_wconf 95' lang='lat' dir='ltr'><em> </em></span> 
     </span>
    </p>
   </div>
  </div>
 </body>
</html>
