<?xml version="1.0" encoding="UTF-8"?>
<!DOCTYPE html PUBLIC "-//W3C//DTD XHTML 1.0 Transitional//EN"
    "http://www.w3.org/TR/xhtml1/DTD/xhtml1-transitional.dtd">
<html xmlns="http://www.w3.org/1999/xhtml" xml:lang="en" lang="en">
 <head>
  <title>
</title>
<meta http-equiv="Content-Type" content="text/html;charset=utf-8" />
  <meta name='ocr-system' content='tesseract 3.04.00' />
  <meta name='ocr-capabilities' content='ocr_page ocr_carea ocr_par ocr_line ocrx_word'/>
</head>
<body>
  <div class='ocr_page' id='page_1' title='image "./rogeriaschamiep00sturgoog_0410.png"; bbox 0 0 2576 4464; ppageno 0'>
   <div class='ocr_carea' id='block_1_1' title="bbox 0 4 12 2282">
    <p class='ocr_par' dir='ltr' id='par_1_1' title="bbox 0 4 12 2282">
     <span class='ocr_line' id='line_1_1' title="bbox 0 4 12 2282; baseline 0 0"><span class='ocrx_word' id='word_1_1' title='bbox 0 4 12 2282; x_wconf 95' lang='lat' dir='ltr'> </span> 
     </span>
    </p>
   </div>
   <div class='ocr_carea' id='block_1_2' title="bbox 216 221 1072 330">
    <p class='ocr_par' dir='ltr' id='par_1_2' title="bbox 216 221 1072 330">
     <span class='ocr_line' id='line_1_2' title="bbox 216 221 1072 330; baseline -0.009 -22"><span class='ocrx_word' id='word_1_2' title='bbox 216 227 220 244; x_wconf 77' lang='lat'>&#39;</span> <span class='ocrx_word' id='word_1_3' title='bbox 286 251 363 322; x_wconf 82' lang='lat'>43²</span> <span class='ocrx_word' id='word_1_4' title='bbox 426 225 747 330; x_wconf 74' lang='lat' dir='ltr'>¹JO‘ANNIS·</span> <span class='ocrx_word' id='word_1_5' title='bbox 787 221 1072 302; x_wconf 83' lang='lat' dir='ltr'>STURMII</span> 
     </span>
    </p>
   </div>
   <div class='ocr_carea' id='block_1_3' title="bbox 212 345 1284 3826">
    <p class='ocr_par' dir='ltr' id='par_1_3' title="bbox 212 345 1284 3826">
     <span class='ocr_line' id='line_1_3' title="bbox 287 345 1252 428; baseline -0.002 -16"><span class='ocrx_word' id='word_1_6' title='bbox 287 349 465 419; x_wconf 79' lang='lat' dir='ltr'>adhibeatur,</span> <span class='ocrx_word' id='word_1_7' title='bbox 484 346 587 424; x_wconf 83' lang='lat' dir='ltr'>scripta</span> <span class='ocrx_word' id='word_1_8' title='bbox 613 365 703 406; x_wconf 87' lang='lat' dir='ltr'>anon</span> <span class='ocrx_word' id='word_1_9' title='bbox 726 345 862 426; x_wconf 87' lang='lat' dir='ltr'>scriptis,</span> <span class='ocrx_word' id='word_1_10' title='bbox 884 346 1035 408; x_wconf 84' lang='lat' dir='ltr'>manifesta</span> <span class='ocrx_word' id='word_1_11' title='bbox 1058 347 1095 409; x_wconf 90' lang='lat' dir='ltr'>ab</span> <span class='ocrx_word' id='word_1_12' title='bbox 1117 345 1252 428; x_wconf 79' lang='lat' dir='ltr'>ambiguis,</span> 
     </span>
     <span class='ocr_line' id='line_1_4' title="bbox 287 423 1281 506; baseline -0.003 -17"><span class='ocrx_word' id='word_1_13' title='bbox 287 426 449 490; x_wconf 84' lang='lat' dir='ltr'>necessaria·</span> <span class='ocrx_word' id='word_1_14' title='bbox 465 425 500 490; x_wconf 84' lang='lat' dir='ltr'>ab</span> <span class='ocrx_word' id='word_1_15' title='bbox 521 425 717 502; x_wconf 85' lang='lat' dir='ltr'>ancipitibus,</span> <span class='ocrx_word' id='word_1_16' title='bbox 738 423 862 498; x_wconf 71' lang='lat' dir='ltr'>perfetta</span> <span class='ocrx_word' id='word_1_17' title='bbox 882 425 1018 486; x_wconf 86' lang='lat' dir='ltr'>amediis</span> <span class='ocrx_word' id='word_1_18' title='bbox 1038 425 1252 504; x_wconf 76' lang='lat' dir='ltr'>distinguantur?</span> <span class='ocrx_word' id='word_1_19' title='bbox 1280 501 1281 506; x_wconf 7' lang='grc' dir='ltr'>ἵ</span> 
     </span>
     <span class='ocr_line' id='line_1_5' title="bbox 289 501 1249 578; baseline -0.003 -11"><span class='ocrx_word' id='word_1_20' title='bbox 289 504 427 576; x_wconf 83' lang='lat' dir='ltr'>Deinde,</span> <span class='ocrx_word' id='word_1_21' title='bbox 449 503 529 562; x_wconf 91' lang='lat' dir='ltr'>utin</span> <span class='ocrx_word' id='word_1_22' title='bbox 556 503 677 578; x_wconf 89' lang='lat' dir='ltr'>reliquis</span> <span class='ocrx_word' id='word_1_23' title='bbox 693 503 825 564; x_wconf 82' lang='lat' dir='ltr'>scientiis</span> <span class='ocrx_word' id='word_1_24' title='bbox 850 501 1018 578; x_wconf 84' lang='lat' dir='ltr'>brevissima,</span> <span class='ocrx_word' id='word_1_25' title='bbox 1036 505 1066 564; x_wconf 78' lang='grc' dir='ltr'>δι</span> <span class='ocrx_word' id='word_1_26' title='bbox 1079 503 1249 566; x_wconf 74' lang='lat' dir='ltr'>rettiffimair</span> 
     </span>
     <span class='ocr_line' id='line_1_6' title="bbox 227 578 1248 662; baseline -0.001 -19"><span class='ocrx_word' id='word_1_27' title='bbox 227 621 229 628; x_wconf 64' lang='lat'>‹</span> <span class='ocrx_word' id='word_1_28' title='bbox 289 580 490 662; x_wconf 86' lang='lat' dir='ltr'>percipiendas</span> <span class='ocrx_word' id='word_1_29' title='bbox 517 578 686 657; x_wconf 83' lang='lat' dir='ltr'>disciplinas</span> <span class='ocrx_word' id='word_1_30' title='bbox 709 580 756 638; x_wconf 84' lang='lat' dir='ltr'>via</span> <span class='ocrx_word' id='word_1_31' title='bbox 783 598 974 659; x_wconf 80' lang='lat' dir='ltr'>proponatur,</span> <span class='ocrx_word' id='word_1_32' title='bbox 993 582 1102 660; x_wconf 85' lang='lat' dir='ltr'>optimi</span> <span class='ocrx_word' id='word_1_33' title='bbox 1116 585 1248 661; x_wconf 87' lang='lat' dir='ltr'>quiqueiu</span> 
     </span>
     <span class='ocr_line' id='line_1_7' title="bbox 289 656 1247 735; baseline 0 -13"><span class='ocrx_word' id='word_1_34' title='bbox 289 663 344 722; x_wconf 89' lang='lat' dir='ltr'>suo</span> <span class='ocrx_word' id='word_1_35' title='bbox 367 678 491 735; x_wconf 78' lang='lat' dir='ltr'>genere,</span> <span class='ocrx_word' id='word_1_36' title='bbox 511 657 540 718; x_wconf 79' lang='lat' dir='ltr'>bc</span> <span class='ocrx_word' id='word_1_37' title='bbox 560 657 718 730; x_wconf 79' lang='lat' dir='ltr'>utilissimi,</span> <span class='ocrx_word' id='word_1_38' title='bbox 740 656 776 716; x_wconf 90' lang='lat' dir='ltr'>ad</span> <span class='ocrx_word' id='word_1_39' title='bbox 801 678 996 722; x_wconf 85' lang='lat' dir='ltr'>communem¹</span> <span class='ocrx_word' id='word_1_40' title='bbox 1018 660 1247 735; x_wconf 74' lang='lat' dir='ltr'>imitationem&amp;</span> 
     </span>
     <span class='ocr_line' id='line_1_8' title="bbox 234 735 1282 818; baseline 0.002 -21"><span class='ocrx_word' id='word_1_41' title='bbox 234 745 236 748; x_wconf 82' lang='grc'><strong>’</strong></span> <span class='ocrx_word' id='word_1_42' title='bbox 295 736 537 798; x_wconf 78' lang='lat' dir='ltr'>exercitationem</span> <span class='ocrx_word' id='word_1_43' title='bbox 563 737 778 814; x_wconf 68' lang='lat' dir='ltr'>precipiantur,</span> <span class='ocrx_word' id='word_1_44' title='bbox 801 738 890 796; x_wconf 88' lang='lat' dir='ltr'>ceteri</span> <span class='ocrx_word' id='word_1_45' title='bbox 903 735 938 796; x_wconf 88' lang='lat' dir='ltr'>ad</span> <span class='ocrx_word' id='word_1_46' title='bbox 965 738 1249 818; x_wconf 82' lang='lat' dir='ltr'>privatostemporum</span> <span class='ocrx_word' id='word_1_47' title='bbox 1280 771 1282 792; x_wconf 79' lang='grc' dir='ltr'>ι</span> 
     </span>
     <span class='ocr_line' id='line_1_9' title="bbox 289 811 1276 895; baseline 0.004 -19"><span class='ocrx_word' id='word_1_48' title='bbox 289 815 360 878; x_wconf 85' lang='lat' dir='ltr'>usus</span> <span class='ocrx_word' id='word_1_49' title='bbox 381 814 571 875; x_wconf 83' lang='lat' dir='ltr'>reserventur.</span> <span class='ocrx_word' id='word_1_50' title='bbox 605 833 626 872; x_wconf 91' lang='lat' dir='ltr'>a</span> <span class='ocrx_word' id='word_1_51' title='bbox 639 811 918 874; x_wconf 85' lang='lat' dir='ltr'>Mathematicorum</span> <span class='ocrx_word' id='word_1_52' title='bbox 943 815 1040 876; x_wconf 86' lang='lat' dir='ltr'>initiis</span> <span class='ocrx_word' id='word_1_53' title='bbox 1068 817 1179 895; x_wconf 89' lang='lat' dir='ltr'>reliqua</span> <span class='ocrx_word' id='word_1_54' title='bbox 1197 813 1276 880; x_wconf 57' lang='lat' dir='ltr'>Phi-t</span> 
     </span>
     <span class='ocr_line' id='line_1_10' title="bbox 289 888 1249 973; baseline -0.003 -20"><span class='ocrx_word' id='word_1_55' title='bbox 289 891 420 971; x_wconf 88' lang='lat' dir='ltr'>losophia</span> <span class='ocrx_word' id='word_1_56' title='bbox 446 888 616 962; x_wconf 83' lang='lat' dir='ltr'>exstruatur,</span> <span class='ocrx_word' id='word_1_57' title='bbox 652 889 766 964; x_wconf 83' lang='lat' dir='ltr'>singuli</span> <span class='ocrx_word' id='word_1_58' title='bbox 778 889 825 950; x_wconf 78' lang='lat' dir='ltr'>sua</span> <span class='ocrx_word' id='word_1_59' title='bbox 842 891 943 969; x_wconf 82' lang='lat' dir='ltr'>lingua</span> <span class='ocrx_word' id='word_1_60' title='bbox 963 893 1081 970; x_wconf 89' lang='lat' dir='ltr'>publice</span> <span class='ocrx_word' id='word_1_61' title='bbox 1095 895 1123 956; x_wconf 78' lang='grc' dir='ltr'>δι</span> <span class='ocrx_word' id='word_1_62' title='bbox 1137 893 1249 973; x_wconf 81' lang='lat' dir='ltr'>privatin</span> 
     </span>
     <span class='ocr_line' id='line_1_11' title="bbox 290 967 1251 1049; baseline -0.001 -19"><span class='ocrx_word' id='word_1_63' title='bbox 290 973 441 1047; x_wconf 86' lang='lat' dir='ltr'>legantur,</span> <span class='ocrx_word' id='word_1_64' title='bbox 457 967 660 1044; x_wconf 72' lang='lat' dir='ltr'>&amp;discipline</span> <span class='ocrx_word' id='word_1_65' title='bbox 681 969 714 1026; x_wconf 84' lang='lat' dir='ltr'>ad</span> <span class='ocrx_word' id='word_1_66' title='bbox 730 967 814 1027; x_wconf 91' lang='lat' dir='ltr'>usum</span> <span class='ocrx_word' id='word_1_67' title='bbox 828 969 1012 1049; x_wconf 81' lang='lat' dir='ltr'>Reipublicae</span> <span class='ocrx_word' id='word_1_68' title='bbox 1025 970 1181 1049; x_wconf 67' lang='lat' dir='ltr'>spoliantes</span> <span class='ocrx_word' id='word_1_69' title='bbox 1197 988 1251 1046; x_wconf 79' lang='lat' dir='ltr'>pte·</span> 
     </span>
     <span class='ocr_line' id='line_1_12' title="bbox 289 1044 1249 1125; baseline -0.004 -17"><span class='ocrx_word' id='word_1_70' title='bbox 289 1047 532 1125; x_wconf 79' lang='lat' dir='ltr'>cipuecolantur,</span> <span class='ocrx_word' id='word_1_71' title='bbox 554 1046 665 1122; x_wconf 86' lang='lat' dir='ltr'>privata</span> <span class='ocrx_word' id='word_1_72' title='bbox 679 1044 771 1105; x_wconf 86' lang='lat' dir='ltr'>studia</span> <span class='ocrx_word' id='word_1_73' title='bbox 782 1045 918 1108; x_wconf 88' lang='lat' dir='ltr'>diuturna</span> <span class='ocrx_word' id='word_1_74' title='bbox 929 1049 1137 1110; x_wconf 79' lang='lat' dir='ltr'>exercitatione</span> <span class='ocrx_word' id='word_1_75' title='bbox 1148 1051 1249 1110; x_wconf 76' lang='lat' dir='ltr'>abatur.</span> 
     </span>
     <span class='ocr_line' id='line_1_13' title="bbox 291 1122 1282 1204; baseline -0.002 -16"><span class='ocrx_word' id='word_1_76' title='bbox 291 1147 352 1188; x_wconf 88' lang='lat' dir='ltr'>non</span> <span class='ocrx_word' id='word_1_77' title='bbox 365 1145 462 1186; x_wconf 90' lang='lat' dir='ltr'>rerum</span> <span class='ocrx_word' id='word_1_78' title='bbox 487 1122 675 1202; x_wconf 85' lang='lat' dir='ltr'>legendarum</span> <span class='ocrx_word' id='word_1_79' title='bbox 699 1123 884 1198; x_wconf 90' lang='lat' dir='ltr'>multitudo;</span> <span class='ocrx_word' id='word_1_80' title='bbox 914 1124 964 1186; x_wconf 89' lang='lat' dir='ltr'>sed</span> <span class='ocrx_word' id='word_1_81' title='bbox 985 1125 1135 1198; x_wconf 83' lang='lat' dir='ltr'>judicium</span> <span class='ocrx_word' id='word_1_82' title='bbox 1155 1125 1252 1204; x_wconf 84' lang='lat' dir='ltr'>dispolr·</span> <span class='ocrx_word' id='word_1_83' title='bbox 1281 1143 1282 1146; x_wconf 73' lang='grc'>’</span> 
     </span>
     <span class='ocr_line' id='line_1_14' title="bbox 257 1201 1252 1280; baseline -0.003 -17"><span class='ocrx_word' id='word_1_84' title='bbox 257 1233 261 1242; x_wconf 89' lang='grc'><strong><em>·</em></strong></span> <span class='ocrx_word' id='word_1_85' title='bbox 291 1220 357 1264; x_wconf 87' lang='lat' dir='ltr'>tum</span> <span class='ocrx_word' id='word_1_86' title='bbox 375 1217 529 1280; x_wconf 69' lang='lat' dir='ltr'>queratur.</span> <span class='ocrx_word' id='word_1_87' title='bbox 559 1222 618 1260; x_wconf 90' lang='lat' dir='ltr'>non</span> <span class='ocrx_word' id='word_1_88' title='bbox 632 1201 665 1260; x_wconf 89' lang='lat' dir='ltr'>in</span> <span class='ocrx_word' id='word_1_89' title='bbox 689 1201 845 1260; x_wconf 79' lang='lat' dir='ltr'>recitandis</span> <span class='ocrx_word' id='word_1_90' title='bbox 871 1202 958 1262; x_wconf 88' lang='lat' dir='ltr'>rebus</span> <span class='ocrx_word' id='word_1_91' title='bbox 982 1201 1252 1266; x_wconf 76' lang='lat' dir='ltr'>ostentatiossedin</span> 
     </span>
     <span class='ocr_line' id='line_1_15' title="bbox 292 1278 1252 1360; baseline -0.001 -19"><span class='ocrx_word' id='word_1_92' title='bbox 292 1281 472 1342; x_wconf 74' lang='lat' dir='ltr'>collocandis</span> <span class='ocrx_word' id='word_1_93' title='bbox 487 1278 633 1355; x_wconf 73' lang='lat' dir='ltr'>iudicium</span> <span class='ocrx_word' id='word_1_94' title='bbox 647 1278 800 1354; x_wconf 76' lang='lat' dir='ltr'>spetretun</span> <span class='ocrx_word' id='word_1_95' title='bbox 827 1280 896 1340; x_wconf 92' lang='lat' dir='ltr'>Non</span> <span class='ocrx_word' id='word_1_96' title='bbox 907 1299 994 1356; x_wconf 90' lang='lat' dir='ltr'>quam</span> <span class='ocrx_word' id='word_1_97' title='bbox 1004 1283 1106 1354; x_wconf 85' lang='lat' dir='ltr'>multa,</span> <span class='ocrx_word' id='word_1_98' title='bbox 1125 1281 1172 1347; x_wconf 87' lang='lat' dir='ltr'>sed</span> <span class='ocrx_word' id='word_1_99' title='bbox 1184 1299 1252 1360; x_wconf 84' lang='lat' dir='ltr'>quam</span> 
     </span>
     <span class='ocr_line' id='line_1_16' title="bbox 291 1355 1253 1434; baseline 0.001 -17"><span class='ocrx_word' id='word_1_100' title='bbox 291 1359 376 1430; x_wconf 91' lang='lat' dir='ltr'>bona,</span> <span class='ocrx_word' id='word_1_101' title='bbox 396 1378 451 1417; x_wconf 90' lang='lat' dir='ltr'>nec</span> <span class='ocrx_word' id='word_1_102' title='bbox 465 1376 552 1434; x_wconf 85' lang='lat' dir='ltr'>quam</span> <span class='ocrx_word' id='word_1_103' title='bbox 568 1355 738 1433; x_wconf 81' lang='lat' dir='ltr'>plausibilia,</span> <span class='ocrx_word' id='word_1_104' title='bbox 758 1355 805 1416; x_wconf 73' lang='lat' dir='ltr'>led</span> <span class='ocrx_word' id='word_1_105' title='bbox 840 1378 907 1416; x_wconf 90' lang='lat' dir='ltr'>uam</span> <span class='ocrx_word' id='word_1_106' title='bbox 931 1378 997 1418; x_wconf 83' lang='lat' dir='ltr'>vera</span> <span class='ocrx_word' id='word_1_107' title='bbox 1020 1357 1115 1420; x_wconf 90' lang='lat' dir='ltr'>studia</span> <span class='ocrx_word' id='word_1_108' title='bbox 1137 1361 1188 1421; x_wconf 88' lang='lat' dir='ltr'>sint</span> <span class='ocrx_word' id='word_1_109' title='bbox 1200 1379 1253 1420; x_wconf 88' lang='lat' dir='ltr'>ton·</span> 
     </span>
     <span class='ocr_line' id='line_1_17' title="bbox 292 1431 1253 1513; baseline 0 -18"><span class='ocrx_word' id='word_1_110' title='bbox 292 1435 438 1511; x_wconf 80' lang='lat' dir='ltr'>tendatur.</span> <span class='ocrx_word' id='word_1_111' title='bbox 478 1435 516 1496; x_wconf 88' lang='lat' dir='ltr'>Et</span> <span class='ocrx_word' id='word_1_112' title='bbox 529 1433 595 1494; x_wconf 85' lang='lat' dir='ltr'>finis</span> <span class='ocrx_word' id='word_1_113' title='bbox 607 1431 770 1493; x_wconf 80' lang='lat' dir='ltr'>studiorum</span> <span class='ocrx_word' id='word_1_114' title='bbox 784 1433 819 1492; x_wconf 87' lang='lat' dir='ltr'>ad</span> <span class='ocrx_word' id='word_1_115' title='bbox 859 1436 1010 1513; x_wconf 83' lang='lat' dir='ltr'>eipublicae</span> <span class='ocrx_word' id='word_1_116' title='bbox 1024 1439 1188 1508; x_wconf 79' lang='lat' dir='ltr'>utilitatem,</span> <span class='ocrx_word' id='word_1_117' title='bbox 1207 1456 1253 1496; x_wconf 85' lang='lat' dir='ltr'>noa</span> 
     </span>
     <span class='ocr_line' id='line_1_18' title="bbox 293 1509 1254 1589; baseline -0.003 -16"><span class='ocrx_word' id='word_1_118' title='bbox 293 1513 330 1573; x_wconf 82' lang='lat' dir='ltr'>ad</span> <span class='ocrx_word' id='word_1_119' title='bbox 344 1515 492 1589; x_wconf 83' lang='lat' dir='ltr'>privatum</span> <span class='ocrx_word' id='word_1_120' title='bbox 506 1512 590 1570; x_wconf 91' lang='lat' dir='ltr'>usum</span> <span class='ocrx_word' id='word_1_121' title='bbox 605 1509 806 1571; x_wconf 85' lang='lat' dir='ltr'>constituatur.</span> <span class='ocrx_word' id='word_1_122' title='bbox 847 1514 890 1572; x_wconf 93' lang='lat' dir='ltr'>Ut</span> <span class='ocrx_word' id='word_1_123' title='bbox 902 1533 960 1573; x_wconf 89' lang='lat' dir='ltr'>non</span> <span class='ocrx_word' id='word_1_124' title='bbox 982 1513 1106 1575; x_wconf 86' lang='lat' dir='ltr'>scientia</span> <span class='ocrx_word' id='word_1_125' title='bbox 1127 1514 1217 1576; x_wconf 80' lang='lat' dir='ltr'>inflata</span> <span class='ocrx_word' id='word_1_126' title='bbox 1227 1511 1254 1572; x_wconf 83' lang='lat' dir='ltr'>ad</span> 
     </span>
     <span class='ocr_line' id='line_1_19' title="bbox 291 1588 1255 1668; baseline -0.001 -17"><span class='ocrx_word' id='word_1_127' title='bbox 291 1593 508 1668; x_wconf 66' lang='lat' dir='ltr'>arrogantiam</span> <span class='ocrx_word' id='word_1_128' title='bbox 538 1588 719 1650; x_wconf 84' lang='lat' dir='ltr'>sedeharitas</span> <span class='ocrx_word' id='word_1_129' title='bbox 747 1596 905 1666; x_wconf 79' lang='lat' dir='ltr'>temperata</span> <span class='ocrx_word' id='word_1_130' title='bbox 933 1589 968 1649; x_wconf 92' lang='lat' dir='ltr'>ad</span> <span class='ocrx_word' id='word_1_131' title='bbox 981 1591 1202 1666; x_wconf 68' lang='lat' dir='ltr'>aedificationem</span> <span class='ocrx_word' id='word_1_132' title='bbox 1224 1589 1255 1650; x_wconf 83' lang='lat' dir='ltr'>stt.</span> 
     </span>
     <span class='ocr_line' id='line_1_20' title="bbox 293 1663 1256 1745; baseline 0 -16"><span class='ocrx_word' id='word_1_133' title='bbox 293 1669 437 1745; x_wconf 86' lang='lat' dir='ltr'>Cognitio</span> <span class='ocrx_word' id='word_1_134' title='bbox 463 1664 553 1726; x_wconf 81' lang='lat' dir='ltr'>vestra</span> <span class='ocrx_word' id='word_1_135' title='bbox 572 1667 606 1724; x_wconf 89' lang='lat' dir='ltr'>ad</span> <span class='ocrx_word' id='word_1_136' title='bbox 631 1670 782 1728; x_wconf 86' lang='lat' dir='ltr'>veritatem</span> <span class='ocrx_word' id='word_1_137' title='bbox 800 1663 927 1741; x_wconf 63' lang='lat' dir='ltr'>speum,</span> <span class='ocrx_word' id='word_1_138' title='bbox 953 1689 1049 1730; x_wconf 85' lang='lat' dir='ltr'>return</span> <span class='ocrx_word' id='word_1_139' title='bbox 1074 1673 1197 1732; x_wconf 88' lang='lat' dir='ltr'>mutatio</span> <span class='ocrx_word' id='word_1_140' title='bbox 1210 1689 1256 1729; x_wconf 82' lang='lat' dir='ltr'>ma·</span> 
     </span>
     <span class='ocr_line' id='line_1_21' title="bbox 291 1744 1284 1824; baseline 0 -18"><span class='ocrx_word' id='word_1_141' title='bbox 291 1745 459 1824; x_wconf 81' lang='lat' dir='ltr'>gistratibus</span> <span class='ocrx_word' id='word_1_142' title='bbox 488 1747 678 1820; x_wconf 81' lang='lat' dir='ltr'>relinquatur.</span> <span class='ocrx_word' id='word_1_143' title='bbox 719 1744 818 1805; x_wconf 89' lang='lat' dir='ltr'>Studia</span> <span class='ocrx_word' id='word_1_144' title='bbox 844 1746 975 1806; x_wconf 87' lang='lat' dir='ltr'>veritatis</span> <span class='ocrx_word' id='word_1_145' title='bbox 1003 1748 1166 1810; x_wconf 85' lang='lat' dir='ltr'>rationibus</span> <span class='ocrx_word' id='word_1_146' title='bbox 1193 1766 1257 1808; x_wconf 87' lang='lat' dir='ltr'>com·</span> <span class='ocrx_word' id='word_1_147' title='bbox 1283 1805 1284 1814; x_wconf 66' lang='grc'>,</span> 
     </span>
     <span class='ocr_line' id='line_1_22' title="bbox 292 1817 1257 1899; baseline -0.002 -16"><span class='ocrx_word' id='word_1_148' title='bbox 292 1825 438 1899; x_wconf 77' lang='lat' dir='ltr'>plenitur,</span> <span class='ocrx_word' id='word_1_149' title='bbox 458 1843 501 1881; x_wconf 87' lang='lat' dir='ltr'>rcs</span> <span class='ocrx_word' id='word_1_150' title='bbox 516 1817 732 1882; x_wconf 81' lang='lat' dir='ltr'>constituendas</span> <span class='ocrx_word' id='word_1_151' title='bbox 746 1822 796 1894; x_wconf 69' lang='lat' dir='ltr'>sibi</span> <span class='ocrx_word' id='word_1_152' title='bbox 810 1843 870 1881; x_wconf 89' lang='lat' dir='ltr'>non</span> <span class='ocrx_word' id='word_1_153' title='bbox 885 1841 1028 1899; x_wconf 83' lang='lat' dir='ltr'>arrogent.</span> <span class='ocrx_word' id='word_1_154' title='bbox 1048 1824 1084 1884; x_wconf 85' lang='lat' dir='ltr'>ad</span> <span class='ocrx_word' id='word_1_155' title='bbox 1105 1847 1211 1886; x_wconf 87' lang='lat' dir='ltr'>errores</span> <span class='ocrx_word' id='word_1_156' title='bbox 1219 1823 1257 1882; x_wconf 89' lang='lat' dir='ltr'>de·</span> 
     </span>
     <span class='ocr_line' id='line_1_23' title="bbox 293 1897 1284 1980; baseline 0.002 -20"><span class='ocrx_word' id='word_1_157' title='bbox 293 1897 445 1976; x_wconf 86' lang='lat' dir='ltr'>pellendos</span> <span class='ocrx_word' id='word_1_158' title='bbox 458 1900 511 1958; x_wconf 83' lang='lat' dir='ltr'>siut</span> <span class='ocrx_word' id='word_1_159' title='bbox 525 1898 668 1970; x_wconf 72' lang='lat' dir='ltr'>inllrusli,</span> <span class='ocrx_word' id='word_1_160' title='bbox 693 1920 796 1959; x_wconf 88' lang='lat' dir='ltr'>eorum</span> <span class='ocrx_word' id='word_1_161' title='bbox 810 1899 1011 1978; x_wconf 74' lang='lat' dir='ltr'>depulsionem</span> <span class='ocrx_word' id='word_1_162' title='bbox 1025 1923 1039 1960; x_wconf 84' lang='lat' dir='ltr'>a</span> <span class='ocrx_word' id='word_1_163' title='bbox 1052 1902 1214 1980; x_wconf 79' lang='lat' dir='ltr'>magistratu</span> <span class='ocrx_word' id='word_1_164' title='bbox 1224 1921 1258 1962; x_wconf 84' lang='lat' dir='ltr'>rt·</span> <span class='ocrx_word' id='word_1_165' title='bbox 1283 1959 1284 1978; x_wconf 59' lang='lat'>,</span> 
     </span>
     <span class='ocr_line' id='line_1_24' title="bbox 295 1976 1258 2056; baseline 0.002 -18"><span class='ocrx_word' id='word_1_166' title='bbox 295 1982 423 2056; x_wconf 85' lang='lat' dir='ltr'>quitant.</span> <span class='ocrx_word' id='word_1_167' title='bbox 438 1979 466 2037; x_wconf 79' lang='grc' dir='ltr'>δι</span> <span class='ocrx_word' id='word_1_168' title='bbox 482 1976 633 2052; x_wconf 80' lang='lat' dir='ltr'>profecisse</span> <span class='ocrx_word' id='word_1_169' title='bbox 643 1978 671 2037; x_wconf 87' lang='lat' dir='ltr'>se</span> <span class='ocrx_word' id='word_1_170' title='bbox 685 1996 789 2052; x_wconf 86' lang='lat' dir='ltr'>putent</span> <span class='ocrx_word' id='word_1_171' title='bbox 802 1977 822 2038; x_wconf 88' lang='lat' dir='ltr'>li</span> <span class='ocrx_word' id='word_1_172' title='bbox 834 1977 953 2038; x_wconf 81' lang='lat' dir='ltr'>videant</span> <span class='ocrx_word' id='word_1_173' title='bbox 965 2000 1076 2054; x_wconf 89' lang='lat' dir='ltr'>verum,</span> <span class='ocrx_word' id='word_1_174' title='bbox 1087 2002 1145 2042; x_wconf 93' lang='lat' dir='ltr'>nec</span> <span class='ocrx_word' id='word_1_175' title='bbox 1161 1978 1258 2042; x_wconf 83' lang='lat' dir='ltr'>fellitu-</span> 
     </span>
     <span class='ocr_line' id='line_1_25' title="bbox 293 2055 1284 2133; baseline 0 -16"><span class='ocrx_word' id='word_1_176' title='bbox 293 2059 378 2117; x_wconf 85' lang='lat' dir='ltr'>tione</span> <span class='ocrx_word' id='word_1_177' title='bbox 399 2056 468 2130; x_wconf 82' lang='lat' dir='ltr'>quia</span> <span class='ocrx_word' id='word_1_178' title='bbox 483 2075 586 2114; x_wconf 87' lang='lat' dir='ltr'>verum</span> <span class='ocrx_word' id='word_1_179' title='bbox 602 2055 712 2127; x_wconf 87' lang='lat' dir='ltr'>vident,</span> <span class='ocrx_word' id='word_1_180' title='bbox 731 2057 854 2114; x_wconf 89' lang='lat' dir='ltr'>aliorum</span> <span class='ocrx_word' id='word_1_181' title='bbox 866 2057 1048 2133; x_wconf 89' lang='lat' dir='ltr'>prudentiam</span> <span class='ocrx_word' id='word_1_182' title='bbox 1073 2075 1260 2127; x_wconf 63' lang='lat' dir='ltr'>anteventum</span> <span class='ocrx_word' id='word_1_183' title='bbox 1283 2079 1284 2084; x_wconf 50' lang='lat'>¹</span> 
     </span>
     <span class='ocr_line' id='line_1_26' title="bbox 294 2131 1258 2216; baseline -0.002 -20"><span class='ocrx_word' id='word_1_184' title='bbox 294 2133 345 2196; x_wconf 90' lang='lat' dir='ltr'>sed</span> <span class='ocrx_word' id='word_1_185' title='bbox 359 2133 393 2192; x_wconf 91' lang='lat' dir='ltr'>ad</span> <span class='ocrx_word' id='word_1_186' title='bbox 407 2153 507 2192; x_wconf 85' lang='lat' dir='ltr'>verum</span> <span class='ocrx_word' id='word_1_187' title='bbox 527 2131 729 2210; x_wconf 86' lang='lat' dir='ltr'>recipiendum</span> <span class='ocrx_word' id='word_1_188' title='bbox 743 2134 794 2209; x_wconf 85' lang='lat' dir='ltr'>ipsi</span> <span class='ocrx_word' id='word_1_189' title='bbox 813 2133 843 2193; x_wconf 91' lang='lat' dir='ltr'>se</span> <span class='ocrx_word' id='word_1_190' title='bbox 857 2153 1036 2211; x_wconf 77' lang='lat' dir='ltr'>praeparent,</span> <span class='ocrx_word' id='word_1_191' title='bbox 1056 2138 1205 2216; x_wconf 80' lang='lat' dir='ltr'>praeparati</span> <span class='ocrx_word' id='word_1_192' title='bbox 1214 2153 1258 2196; x_wconf 85' lang='lat' dir='ltr'>ura·</span> 
     </span>
     <span class='ocr_line' id='line_1_27' title="bbox 295 2209 1257 2288; baseline 0.003 -18"><span class='ocrx_word' id='word_1_193' title='bbox 295 2209 468 2288; x_wconf 80' lang='lat' dir='ltr'>gistratuum</span> <span class='ocrx_word' id='word_1_194' title='bbox 483 2211 644 2288; x_wconf 72' lang='lat' dir='ltr'>prescripta</span> <span class='ocrx_word' id='word_1_195' title='bbox 657 2212 800 2287; x_wconf 80' lang='lat' dir='ltr'>patienter</span> <span class='ocrx_word' id='word_1_196' title='bbox 813 2211 983 2288; x_wconf 71' lang='lat' dir='ltr'>expedent:</span> <span class='ocrx_word' id='word_1_197' title='bbox 1003 2233 1055 2273; x_wconf 88' lang='lat' dir='ltr'>nec</span> <span class='ocrx_word' id='word_1_198' title='bbox 1072 2211 1129 2274; x_wconf 93' lang='lat' dir='ltr'>diu</span> <span class='ocrx_word' id='word_1_199' title='bbox 1143 2214 1257 2274; x_wconf 81' lang='lat' dir='ltr'>differant</span> 
     </span>
     <span class='ocr_line' id='line_1_28' title="bbox 295 2286 1258 2370; baseline 0.002 -20"><span class='ocrx_word' id='word_1_200' title='bbox 295 2290 402 2351; x_wconf 87' lang='lat' dir='ltr'>sentire</span> <span class='ocrx_word' id='word_1_201' title='bbox 416 2290 495 2364; x_wconf 88' lang='lat' dir='ltr'>quod</span> <span class='ocrx_word' id='word_1_202' title='bbox 509 2309 610 2348; x_wconf 90' lang='lat' dir='ltr'>verum</span> <span class='ocrx_word' id='word_1_203' title='bbox 624 2286 673 2360; x_wconf 86' lang='lat' dir='ltr'>est,</span> <span class='ocrx_word' id='word_1_204' title='bbox 694 2289 815 2347; x_wconf 86' lang='lat' dir='ltr'>&amp;nolle</span> <span class='ocrx_word' id='word_1_205' title='bbox 839 2289 971 2364; x_wconf 81' lang='lat' dir='ltr'>frangere</span> <span class='ocrx_word' id='word_1_206' title='bbox 997 2292 1077 2367; x_wconf 91' lang='lat' dir='ltr'>quod</span> <span class='ocrx_word' id='word_1_207' title='bbox 1098 2307 1258 2370; x_wconf 73' lang='lat' dir='ltr'>preceptum</span> 
     </span>
     <span class='ocr_line' id='line_1_29' title="bbox 296 2363 1259 2444; baseline 0.005 -20"><span class='ocrx_word' id='word_1_208' title='bbox 296 2364 345 2426; x_wconf 84' lang='lat' dir='ltr'>est.</span> <span class='ocrx_word' id='word_1_209' title='bbox 366 2367 511 2426; x_wconf 87' lang='lat' dir='ltr'>laudabile</span> <span class='ocrx_word' id='word_1_210' title='bbox 535 2385 657 2444; x_wconf 87' lang='lat' dir='ltr'>putetur</span> <span class='ocrx_word' id='word_1_211' title='bbox 669 2365 748 2441; x_wconf 84' lang='lat' dir='ltr'>quod</span> <span class='ocrx_word' id='word_1_212' title='bbox 762 2363 936 2426; x_wconf 85' lang='lat' dir='ltr'>verissimum</span> <span class='ocrx_word' id='word_1_213' title='bbox 951 2367 985 2428; x_wconf 88' lang='lat' dir='ltr'>sit</span> <span class='ocrx_word' id='word_1_214' title='bbox 1007 2385 1116 2443; x_wconf 86' lang='lat' dir='ltr'>tenere,</span> <span class='ocrx_word' id='word_1_215' title='bbox 1143 2372 1172 2432; x_wconf 76' lang='grc' dir='ltr'>δι</span> <span class='ocrx_word' id='word_1_216' title='bbox 1184 2365 1259 2429; x_wconf 78' lang='lat' dir='ltr'>animi</span> 
     </span>
     <span class='ocr_line' id='line_1_30' title="bbox 212 2440 1259 2522; baseline 0.01 -19"><span class='ocrx_word' id='word_1_217' title='bbox 212 2504 214 2509; x_wconf 80' lang='grc'><em>,</em></span> <span class='ocrx_word' id='word_1_218' title='bbox 297 2440 375 2520; x_wconf 84' lang='lat' dir='ltr'>posse</span> <span class='ocrx_word' id='word_1_219' title='bbox 388 2446 524 2522; x_wconf 86' lang='lat' dir='ltr'>patientia</span> <span class='ocrx_word' id='word_1_220' title='bbox 547 2443 622 2504; x_wconf 87' lang='lat' dir='ltr'>illud</span> <span class='ocrx_word' id='word_1_221' title='bbox 636 2464 696 2503; x_wconf 89' lang='lat' dir='ltr'>non</span> <span class='ocrx_word' id='word_1_222' title='bbox 721 2442 755 2500; x_wconf 84' lang='lat' dir='ltr'>ad</span> <span class='ocrx_word' id='word_1_223' title='bbox 777 2443 966 2504; x_wconf 86' lang='lat' dir='ltr'>offeulionem</span> <span class='ocrx_word' id='word_1_224' title='bbox 991 2447 1115 2506; x_wconf 84' lang='lat' dir='ltr'>aliorum</span> <span class='ocrx_word' id='word_1_225' title='bbox 1139 2447 1259 2522; x_wconf 68' lang='lat' dir='ltr'>objicere.</span> 
     </span>
     <span class='ocr_line' id='line_1_31' title="bbox 297 2521 1261 2599; baseline -0.002 -15"><span class='ocrx_word' id='word_1_226' title='bbox 297 2521 347 2584; x_wconf 86' lang='lat' dir='ltr'>sed</span> <span class='ocrx_word' id='word_1_227' title='bbox 367 2521 401 2580; x_wconf 89' lang='lat' dir='ltr'>ad</span> <span class='ocrx_word' id='word_1_228' title='bbox 426 2523 631 2599; x_wconf 70' lang='lat' dir='ltr'>praeceptiones</span> <span class='ocrx_word' id='word_1_229' title='bbox 656 2521 875 2596; x_wconf 80' lang='lat' dir='ltr'>magistratuum</span> <span class='ocrx_word' id='word_1_230' title='bbox 895 2522 1044 2584; x_wconf 88' lang='lat' dir='ltr'>reservare.</span> <span class='ocrx_word' id='word_1_231' title='bbox 1085 2523 1178 2586; x_wconf 77' lang='lat' dir='ltr'>Time</span> <span class='ocrx_word' id='word_1_232' title='bbox 1195 2525 1261 2584; x_wconf 82' lang='lat' dir='ltr'>euim</span> 
     </span>
     <span class='ocr_line' id='line_1_32' title="bbox 297 2597 1259 2677; baseline -0.003 -15"><span class='ocrx_word' id='word_1_233' title='bbox 297 2599 487 2674; x_wconf 86' lang='lat' dir='ltr'>Magistratus</span> <span class='ocrx_word' id='word_1_234' title='bbox 499 2599 534 2658; x_wconf 85' lang='lat' dir='ltr'>ad</span> <span class='ocrx_word' id='word_1_235' title='bbox 548 2621 590 2660; x_wconf 88' lang='lat' dir='ltr'>res</span> <span class='ocrx_word' id='word_1_236' title='bbox 604 2599 702 2677; x_wconf 86' lang='lat' dir='ltr'>quiete</span> <span class='ocrx_word' id='word_1_237' title='bbox 714 2597 895 2659; x_wconf 80' lang='lat' dir='ltr'>stabiliendas</span> <span class='ocrx_word' id='word_1_238' title='bbox 919 2600 1100 2664; x_wconf 75' lang='lat' dir='ltr'>incitationes</span> <span class='ocrx_word' id='word_1_239' title='bbox 1119 2621 1221 2663; x_wconf 86' lang='lat' dir='ltr'>erunt:</span> <span class='ocrx_word' id='word_1_240' title='bbox 1236 2599 1259 2658; x_wconf 78' lang='lat' dir='ltr'>dt</span> 
     </span>
     <span class='ocr_line' id='line_1_33' title="bbox 299 2677 1261 2756; baseline -0.002 -18"><span class='ocrx_word' id='word_1_241' title='bbox 299 2677 415 2738; x_wconf 85' lang='lat' dir='ltr'>studiosi</span> <span class='ocrx_word' id='word_1_242' title='bbox 429 2679 463 2737; x_wconf 88' lang='lat' dir='ltr'>ad</span> <span class='ocrx_word' id='word_1_243' title='bbox 478 2679 614 2754; x_wconf 86' lang='lat' dir='ltr'>imperata</span> <span class='ocrx_word' id='word_1_244' title='bbox 627 2677 759 2736; x_wconf 85' lang='lat' dir='ltr'>facienda</span> <span class='ocrx_word' id='word_1_245' title='bbox 773 2679 867 2736; x_wconf 92' lang='lat' dir='ltr'>multo</span> <span class='ocrx_word' id='word_1_246' title='bbox 889 2679 1055 2754; x_wconf 85' lang='lat' dir='ltr'>paratiores.</span> <span class='ocrx_word' id='word_1_247' title='bbox 1093 2677 1261 2756; x_wconf 85' lang='lat' dir='ltr'>Deniqueiu</span> 
     </span>
     <span class='ocr_line' id='line_1_34' title="bbox 299 2753 1262 2830; baseline -0.004 -14"><span class='ocrx_word' id='word_1_248' title='bbox 299 2757 387 2816; x_wconf 85' lang='lat' dir='ltr'>rebus</span> <span class='ocrx_word' id='word_1_249' title='bbox 400 2757 527 2815; x_wconf 73' lang='lat' dir='ltr'>scientie</span> <span class='ocrx_word' id='word_1_250' title='bbox 541 2755 569 2826; x_wconf 68' lang='lat' dir='ltr'>bc</span> <span class='ocrx_word' id='word_1_251' title='bbox 585 2753 843 2830; x_wconf 85' lang='lat' dir='ltr'>cognitionis,frdei</span> <span class='ocrx_word' id='word_1_252' title='bbox 857 2757 970 2830; x_wconf 82' lang='lat' dir='ltr'>regula:</span> <span class='ocrx_word' id='word_1_253' title='bbox 984 2755 1014 2814; x_wconf 91' lang='lat' dir='ltr'>in</span> <span class='ocrx_word' id='word_1_254' title='bbox 1029 2755 1089 2815; x_wconf 85' lang='lat' dir='ltr'>vita</span> <span class='ocrx_word' id='word_1_255' title='bbox 1104 2760 1134 2819; x_wconf 82' lang='grc' dir='ltr'>δι</span> <span class='ocrx_word' id='word_1_256' title='bbox 1148 2755 1262 2818; x_wconf 86' lang='lat' dir='ltr'>moribus</span> 
     </span>
     <span class='ocr_line' id='line_1_35' title="bbox 301 2831 1261 2910; baseline -0.004 -17"><span class='ocrx_word' id='word_1_257' title='bbox 301 2834 448 2900; x_wconf 83' lang='lat' dir='ltr'>charitatis</span> <span class='ocrx_word' id='word_1_258' title='bbox 459 2835 503 2892; x_wconf 90' lang='lat' dir='ltr'>vis</span> <span class='ocrx_word' id='word_1_259' title='bbox 523 2834 628 2893; x_wconf 87' lang='lat' dir='ltr'>valeat.</span> <span class='ocrx_word' id='word_1_260' title='bbox 648 2849 681 2890; x_wconf 90' lang='lat' dir='ltr'>ut</span> <span class='ocrx_word' id='word_1_261' title='bbox 694 2833 725 2890; x_wconf 88' lang='lat' dir='ltr'>in</span> <span class='ocrx_word' id='word_1_262' title='bbox 739 2833 876 2891; x_wconf 85' lang='lat' dir='ltr'>omnibus</span> <span class='ocrx_word' id='word_1_263' title='bbox 888 2834 916 2891; x_wconf 81' lang='grc' dir='ltr'>δι</span> <span class='ocrx_word' id='word_1_264' title='bbox 931 2834 1165 2910; x_wconf 82' lang='lat' dir='ltr'>opinionibus&amp;</span> <span class='ocrx_word' id='word_1_265' title='bbox 1194 2831 1261 2894; x_wconf 76' lang='lat' dir='ltr'>sadis</span> 
     </span>
     <span class='ocr_line' id='line_1_36' title="bbox 300 2909 1263 2986; baseline -0.003 -16"><span class='ocrx_word' id='word_1_266' title='bbox 300 2910 508 2972; x_wconf 86' lang='lat' dir='ltr'>itasentiamus</span> <span class='ocrx_word' id='word_1_267' title='bbox 534 2911 562 2970; x_wconf 74' lang='grc' dir='ltr'>ἃ</span> <span class='ocrx_word' id='word_1_268' title='bbox 588 2913 627 2970; x_wconf 88' lang='lat' dir='ltr'>ita</span> <span class='ocrx_word' id='word_1_269' title='bbox 639 2912 781 2980; x_wconf 79' lang='lat' dir='ltr'>vivamus,</span> <span class='ocrx_word' id='word_1_270' title='bbox 804 2927 838 2969; x_wconf 90' lang='lat' dir='ltr'>ut</span> <span class='ocrx_word' id='word_1_271' title='bbox 849 2913 948 2970; x_wconf 86' lang='lat' dir='ltr'>onmia</span> <span class='ocrx_word' id='word_1_272' title='bbox 961 2911 996 2969; x_wconf 89' lang='lat' dir='ltr'>ad</span> <span class='ocrx_word' id='word_1_273' title='bbox 1019 2913 1144 2986; x_wconf 81' lang='lat' dir='ltr'>gloriam</span> <span class='ocrx_word' id='word_1_274' title='bbox 1167 2909 1263 2972; x_wconf 83' lang='lat' dir='ltr'>Deifa·</span> 
     </span>
     <span class='ocr_line' id='line_1_37' title="bbox 302 2987 1262 3065; baseline 0 -19"><span class='ocrx_word' id='word_1_275' title='bbox 302 2989 422 3060; x_wconf 81' lang='lat' dir='ltr'>ciamus,</span> <span class='ocrx_word' id='word_1_276' title='bbox 443 2988 471 3048; x_wconf 80' lang='grc' dir='ltr'>δι</span> <span class='ocrx_word' id='word_1_277' title='bbox 495 2989 539 3047; x_wconf 89' lang='lat' dir='ltr'>illi</span> <span class='ocrx_word' id='word_1_278' title='bbox 566 2988 700 3045; x_wconf 85' lang='lat' dir='ltr'>vivamus</span> <span class='ocrx_word' id='word_1_279' title='bbox 724 2987 930 3060; x_wconf 86' lang='lat' dir='ltr'>&amp;moriamur‚</span> <span class='ocrx_word' id='word_1_280' title='bbox 956 2989 1120 3065; x_wconf 84' lang='lat' dir='ltr'>qui-nobis</span> <span class='ocrx_word' id='word_1_281' title='bbox 1143 2987 1262 3050; x_wconf 84' lang='lat' dir='ltr'>nonsibi</span> 
     </span>
     <span class='ocr_line' id='line_1_38' title="bbox 304 3060 1276 3144; baseline 0.003 -22"><span class='ocrx_word' id='word_1_282' title='bbox 304 3065 396 3136; x_wconf 83' lang='lat' dir='ltr'>vixit,</span> <span class='ocrx_word' id='word_1_283' title='bbox 421 3066 449 3126; x_wconf 79' lang='grc' dir='ltr'>δι</span> <span class='ocrx_word' id='word_1_284' title='bbox 473 3080 606 3124; x_wconf 90' lang='lat' dir='ltr'>mortuus</span> <span class='ocrx_word' id='word_1_285' title='bbox 633 3060 682 3122; x_wconf 88' lang='lat' dir='ltr'>est.</span> <span class='ocrx_word' id='word_1_286' title='bbox 721 3064 808 3124; x_wconf 88' lang='lat' dir='ltr'>Hanc</span> <span class='ocrx_word' id='word_1_287' title='bbox 831 3068 908 3124; x_wconf 87' lang='lat' dir='ltr'>viam</span> <span class='ocrx_word' id='word_1_288' title='bbox 934 3085 986 3124; x_wconf 92' lang='lat' dir='ltr'>vos</span> <span class='ocrx_word' id='word_1_289' title='bbox 1006 3085 1080 3143; x_wconf 90' lang='lat' dir='ltr'>puto</span> <span class='ocrx_word' id='word_1_290' title='bbox 1105 3067 1208 3144; x_wconf 88' lang='lat' dir='ltr'>sequi:</span> <span class='ocrx_word' id='word_1_291' title='bbox 1224 3062 1276 3138; x_wconf 76' lang='lat' dir='ltr'>sed¹</span> 
     </span>
     <span class='ocr_line' id='line_1_39' title="bbox 302 3141 1262 3219; baseline 0.002 -19"><span class='ocrx_word' id='word_1_292' title='bbox 302 3142 586 3201; x_wconf 82' lang='lat' dir='ltr'>commonefacicndi</span> <span class='ocrx_word' id='word_1_293' title='bbox 610 3141 665 3212; x_wconf 85' lang='lat' dir='ltr'>jam</span> <span class='ocrx_word' id='word_1_294' title='bbox 679 3141 752 3199; x_wconf 88' lang='lat' dir='ltr'>mihi</span> <span class='ocrx_word' id='word_1_295' title='bbox 768 3141 842 3214; x_wconf 77' lang='lat' dir='ltr'>eliis,</span> <span class='ocrx_word' id='word_1_296' title='bbox 863 3143 891 3200; x_wconf 79' lang='grc' dir='ltr'>δι</span> <span class='ocrx_word' id='word_1_297' title='bbox 905 3141 985 3219; x_wconf 84' lang='lat' dir='ltr'>spero</span> <span class='ocrx_word' id='word_1_298' title='bbox 999 3142 1202 3210; x_wconf 84' lang='lat' dir='ltr'>admonitione</span> <span class='ocrx_word' id='word_1_299' title='bbox 1213 3161 1262 3213; x_wconf 80' lang='lat' dir='ltr'>mea</span> 
     </span>
     <span class='ocr_line' id='line_1_40' title="bbox 302 3216 1264 3300; baseline 0.003 -21"><span class='ocrx_word' id='word_1_300' title='bbox 302 3218 395 3280; x_wconf 88' lang='lat' dir='ltr'>nihilo</span> <span class='ocrx_word' id='word_1_301' title='bbox 420 3219 565 3294; x_wconf 81' lang='lat' dir='ltr'>segniores</span> <span class='ocrx_word' id='word_1_302' title='bbox 591 3217 684 3277; x_wconf 76' lang='lat' dir='ltr'>futuri</span> <span class='ocrx_word' id='word_1_303' title='bbox 708 3216 784 3292; x_wconf 84' lang='lat' dir='ltr'>estis,</span> <span class='ocrx_word' id='word_1_304' title='bbox 805 3222 855 3295; x_wconf 88' lang='lat' dir='ltr'>qui</span> <span class='ocrx_word' id='word_1_305' title='bbox 871 3217 919 3278; x_wconf 81' lang='lat' dir='ltr'>ista</span> <span class='ocrx_word' id='word_1_306' title='bbox 943 3219 1048 3280; x_wconf 89' lang='lat' dir='ltr'>videtis</span> <span class='ocrx_word' id='word_1_307' title='bbox 1060 3223 1091 3280; x_wconf 92' lang='lat' dir='ltr'>in</span> <span class='ocrx_word' id='word_1_308' title='bbox 1112 3219 1264 3300; x_wconf 73' lang='lat' dir='ltr'>disciplim-</span> 
     </span>
     <span class='ocr_line' id='line_1_41' title="bbox 303 3294 1264 3373; baseline 0.001 -16"><span class='ocrx_word' id='word_1_309' title='bbox 303 3315 371 3357; x_wconf 78' lang='lat' dir='ltr'>rum</span> <span class='ocrx_word' id='word_1_310' title='bbox 385 3296 541 3355; x_wconf 83' lang='lat' dir='ltr'>vestrarum</span> <span class='ocrx_word' id='word_1_311' title='bbox 553 3297 704 3373; x_wconf 71' lang='lat' dir='ltr'>preceptis</span> <span class='ocrx_word' id='word_1_312' title='bbox 715 3313 764 3370; x_wconf 89' lang='lat' dir='ltr'>per</span> <span class='ocrx_word' id='word_1_313' title='bbox 774 3294 1020 3372; x_wconf 80' lang='lat' dir='ltr'>l&#39;eelsescquenda,</span> <span class='ocrx_word' id='word_1_314' title='bbox 1033 3299 1143 3359; x_wconf 84' lang='lat' dir='ltr'>etiamsi</span> <span class='ocrx_word' id='word_1_315' title='bbox 1154 3303 1264 3360; x_wconf 79' lang='lat' dir='ltr'>aliorum</span> 
     </span>
     <span class='ocr_line' id='line_1_42' title="bbox 302 3373 1265 3449; baseline 0.003 -18"><span class='ocrx_word' id='word_1_316' title='bbox 302 3373 471 3432; x_wconf 69' lang='lat' dir='ltr'>austoritare</span> <span class='ocrx_word' id='word_1_317' title='bbox 493 3391 579 3449; x_wconf 83' lang='lat' dir='ltr'>atque</span> <span class='ocrx_word' id='word_1_318' title='bbox 601 3373 741 3434; x_wconf 83' lang='lat' dir='ltr'>sententia</span> <span class='ocrx_word' id='word_1_319' title='bbox 769 3375 802 3432; x_wconf 86' lang='lat' dir='ltr'>ad</span> <span class='ocrx_word' id='word_1_320' title='bbox 816 3373 846 3433; x_wconf 94' lang='lat' dir='ltr'>id</span> <span class='ocrx_word' id='word_1_321' title='bbox 866 3395 927 3432; x_wconf 91' lang='lat' dir='ltr'>non</span> <span class='ocrx_word' id='word_1_322' title='bbox 947 3380 1202 3440; x_wconf 88' lang='lat' dir='ltr'>commoveamini.</span> <span class='ocrx_word' id='word_1_323' title='bbox 1236 3375 1265 3434; x_wconf 79' lang='lat' dir='ltr'>Et</span> 
     </span>
     <span class='ocr_line' id='line_1_43' title="bbox 302 3449 1264 3534; baseline 0.003 -27"><span class='ocrx_word' id='word_1_324' title='bbox 302 3469 470 3526; x_wconf 80' lang='lat' dir='ltr'>quanquam</span> <span class='ocrx_word' id='word_1_325' title='bbox 486 3449 584 3510; x_wconf 84' lang='lat' dir='ltr'>studiis</span> <span class='ocrx_word' id='word_1_326' title='bbox 598 3451 785 3520; x_wconf 78' lang='lat' dir='ltr'>humanitatis</span> <span class='ocrx_word' id='word_1_327' title='bbox 800 3455 827 3511; x_wconf 79' lang='grc' dir='ltr'>δι</span> <span class='ocrx_word' id='word_1_328' title='bbox 849 3450 1013 3522; x_wconf 59' lang='lat' dir='ltr'>Academiae</span> <span class='ocrx_word' id='word_1_329' title='bbox 1029 3452 1128 3514; x_wconf 82' lang='lat' dir='ltr'>vestra:</span> <span class='ocrx_word' id='word_1_330' title='bbox 1143 3455 1264 3534; x_wconf 70' lang='lat' dir='ltr'>propriis</span> 
     </span>
     <span class='ocr_line' id='line_1_44' title="bbox 302 3524 1265 3606; baseline 0.002 -20"><span class='ocrx_word' id='word_1_331' title='bbox 302 3548 363 3586; x_wconf 88' lang='lat' dir='ltr'>non</span> <span class='ocrx_word' id='word_1_332' title='bbox 378 3530 416 3584; x_wconf 85' lang='lat' dir='ltr'>ita</span> <span class='ocrx_word' id='word_1_333' title='bbox 432 3524 585 3587; x_wconf 75' lang='lat' dir='ltr'>inslrulhrs</span> <span class='ocrx_word' id='word_1_334' title='bbox 597 3529 657 3598; x_wconf 82' lang='lat' dir='ltr'>sim,</span> <span class='ocrx_word' id='word_1_335' title='bbox 677 3532 770 3604; x_wconf 90' lang='lat' dir='ltr'>utqui</span> <span class='ocrx_word' id='word_1_336' title='bbox 786 3547 851 3588; x_wconf 85' lang='lat' dir='ltr'>aute</span> <span class='ocrx_word' id='word_1_337' title='bbox 864 3550 911 3587; x_wconf 91' lang='lat' dir='ltr'>mc</span> <span class='ocrx_word' id='word_1_338' title='bbox 930 3530 1101 3592; x_wconf 87' lang='lat' dir='ltr'>Cancellarii</span> <span class='ocrx_word' id='word_1_339' title='bbox 1115 3532 1201 3593; x_wconf 83' lang='lat' dir='ltr'>vestri</span> <span class='ocrx_word' id='word_1_340' title='bbox 1214 3549 1265 3606; x_wconf 84' lang='lat' dir='ltr'>ptr·</span> 
     </span>
     <span class='ocr_line' id='line_1_45' title="bbox 300 3605 1263 3683; baseline 0.005 -22"><span class='ocrx_word' id='word_1_341' title='bbox 300 3606 390 3666; x_wconf 89' lang='lat' dir='ltr'>multi</span> <span class='ocrx_word' id='word_1_342' title='bbox 400 3605 529 3662; x_wconf 82' lang='lat' dir='ltr'>fuerant:</span> <span class='ocrx_word' id='word_1_343' title='bbox 540 3605 620 3662; x_wconf 86' lang='lat' dir='ltr'>illud</span> <span class='ocrx_word' id='word_1_344' title='bbox 629 3609 878 3666; x_wconf 82' lang='lat' dir='ltr'>tamenvoluutate</span> <span class='ocrx_word' id='word_1_345' title='bbox 889 3625 973 3680; x_wconf 84' lang='lat' dir='ltr'>arque</span> <span class='ocrx_word' id='word_1_346' title='bbox 985 3613 1121 3683; x_wconf 80' lang='lat' dir='ltr'>aequitate</span> <span class='ocrx_word' id='word_1_347' title='bbox 1130 3610 1263 3675; x_wconf 73' lang='lat' dir='ltr'>efficiam</span> 
     </span>
     <span class='ocr_line' id='line_1_46' title="bbox 298 3679 1266 3769; baseline 0 -25"><span class='ocrx_word' id='word_1_348' title='bbox 298 3700 334 3744; x_wconf 86' lang='lat' dir='ltr'>ut</span> <span class='ocrx_word' id='word_1_349' title='bbox 347 3701 441 3760; x_wconf 87' lang='lat' dir='ltr'>neque</span> <span class='ocrx_word' id='word_1_350' title='bbox 452 3683 510 3742; x_wconf 83' lang='lat' dir='ltr'>rita</span> <span class='ocrx_word' id='word_1_351' title='bbox 524 3679 613 3742; x_wconf 76' lang='lat' dir='ltr'>restra</span> <span class='ocrx_word' id='word_1_352' title='bbox 627 3685 723 3757; x_wconf 84' lang='lat' dir='ltr'>quieta</span> <span class='ocrx_word' id='word_1_353' title='bbox 735 3703 820 3761; x_wconf 84' lang='lat' dir='ltr'>acque</span> <span class='ocrx_word' id='word_1_354' title='bbox 834 3684 933 3759; x_wconf 84' lang='lat' dir='ltr'>otiosa,</span> <span class='ocrx_word' id='word_1_355' title='bbox 945 3687 989 3745; x_wconf 84' lang='lat' dir='ltr'>rel</span> <span class='ocrx_word' id='word_1_356' title='bbox 1007 3687 1266 3769; x_wconf 66' lang='lat' dir='ltr'>perturbationibus</span> 
     </span>
     <span class='ocr_line' id='line_1_47' title="bbox 1194 3781 1268 3826; baseline -0.095 0"><span class='ocrx_word' id='word_1_357' title='bbox 1194 3781 1268 3826; x_wconf 83' lang='lat' dir='ltr'>rere·</span> 
     </span>
    </p>
   </div>
   <div class='ocr_carea' id='block_1_4' title="bbox 0 0 1312 4464">
    <p class='ocr_par' dir='ltr' id='par_1_4' title="bbox 0 0 1312 4464">
     <span class='ocr_line' id='line_1_48' title="bbox 0 0 1312 4464; baseline 0 0"><span class='ocrx_word' id='word_1_358' title='bbox 0 0 1312 4464; x_wconf 95' lang='lat' dir='ltr'> </span> 
     </span>
    </p>
   </div>
  </div>
 </body>
</html>
