2612 4450
231 117 294 218 34
374 81 437 176 u.
474 81 530 174 u.
568 71 1106 174 Hvurrnnronr

663 329 810 410 XXIV.

552 463 592 558 Ε
629 466 656 558 l
691 465 742 559 D
779 464 918 561 EM.

335 715 427 798 ull
455 712 504 796 de
525 713 696 796 Orientis
726 710 835 798 rebus
862 716 1002 825 agitur,
1030 715 1092 798 cui
1120 715 1224 826 potius

351 853 554 926 recurram,
581 852 699 935 quum
724 827 950 910 Paternitati
967 847 1054 926 tuae,
1088 825 1228 911 celeber·

228 943 333 1024 rimae
355 945 490 1023 harunr
512 939 713 1048 regionum
735 939 1002 1051 indagatrici?
1048 943 1109 1024 Te
1133 943 1230 1052 igitur

228 1051 389 1164 supplex
408 1049 651 1160 obnixusque
663 1053 828 1162 appello,
861 1068 904 1132 ut
922 1051 1151 1163 investigare
1164 1053 1232 1163 dig·

230 1167 386 1265 nareris,
417 1165 579 1274 meique,
598 1166 680 1244 imo
699 1159 812 1273 ipfius
828 1164 1035 1274 religionis,
1053 1167 1174 1275 gratia
1188 1189 1232 1246 te·

227 1279 372 1360 diruere
405 1276 601 1386 S.lgnatii,
630 1277 858 1357 Putriarclrae
882 1278 1134 1376 Antiocheni,
1161 1279 1231 1386 Epi·

227 1389 353 1489 stolus,
364 1390 520 1496 Syriaco
537 1387 722 1469 idiomate
738 1385 903 1496 scriptae.
922 1386 1103 1498 Suspicor
1118 1415 1177 1472 eas
1188 1391 1232 1470 iu·

228 1526 285 1594 ter
316 1495 511 1608 Jacobitas
541 1496 767 1597 delitescere,
794 1504 835 1583 8<
859 1500 968 1611 quod
986 1499 1160 1612 ipsorum
1179 1505 1234 1584 n·

228 1613 494 1722 clriepiscopus
513 1609 691 1692 Damasci
708 1637 837 1724 agens,
854 1614 915 1693 vel
930 1609 1026 1720 ipse,
1043 1633 1170 1695 teneat
1186 1615 1236 1692 vel
1285 1671 1286 1680 .

227 1727 382 1807 aliunde
398 1727 559 1832 reperite
570 1721 691 1831 possit.
749 1727 812 1806 Ne
825 1750 995 1834 gravate,
1023 1751 1170 1835 precor,
1188 1725 1238 1807 di·

228 1835 331 1919 tiurn
351 1836 549 1921 Praesulenr
571 1837 644 1916 lrac
662 1838 702 1916 in
722 1861 761 1916 re
780 1835 898 1935 adire,
930 1834 1151 1948 curioseque
1172 1833 1239 1918 scis·

229 1951 340 2030 citati
354 1981 371 2032 ·:
399 1956 439 2033 δε
460 1945 485 2027 sr
504 1948 665 2030 feliciter
680 1949 872 2030 inveneris
892 1945 1087 2056 quaefitum
1107 1948 1240 2048 librum,

230 2088 347 2172 quarn
364 2057 536 2144 citissime
551 2057 811 2142 transmittere.
867 2061 1241 2146 SacerdosilleGuor·

229 2175 323 2282 gius,
358 2200 469 2280 quem
494 2173 675 2254 animitus
710 2169 845 2273 saluto,
884 2176 924 2254 ὅ(
951 2173 1012 2254 cui
1037 2198 1159 2282 nuper
1184 2199 1240 2282 per

231 2287 484 2367 reverendum
514 2288 554 2366 P.
583 2288 676 2366 Nau
694 2282 907 2366 beneficum
935 2312 995 2364 me
1015 2283 1125 2394 gessi,
1155 2311 1237 2383 uon,

231 2396 286 2478 uti
312 2395 435 2506 spero,
476 2395 696 2507 inquirendi
720 2394 890 2478 lubotenr
919 2401 1103 2507 negliget,
1130 2424 1240 2508 neque

230 2535 329 2591 onus
346 2511 436 2606 hnc,
466 2511 526 2589 eui
546 2536 627 2590 uou
653 2511 775 2618 impar
794 2507 846 2589 est
861 2509 1035 2611 serend0,
1063 2509 1241 2593 aversabi-

231 2643 302 2700 tur.
361 2618 511 2702 lnclusae
538 2617 623 2701 suut
642 2620 793 2702 cuidant
812 2621 1052 2703 Samaritano
1062 2624 1240 2732 Mopbet·

230 2731 460 2843 regedicutre
482 2734 625 2838 literae,
648 2758 742 2843 quus
762 2734 889 2832 velim,
907 2751 948 2813 ut
959 2754 1112 2844 arrepta
1128 2737 1240 2845 prima

230 2843 426 2927 orcufione
443 2845 646 2954 diligenter
676 2845 818 2944 mittas,
853 2847 893 2927 8(
909 2848 1118 2954 promereri
1136 2843 1239 2956 usque

230 2962 270 3147 tp<
305 2954 422 3064 usque
464 2983 627 3067 pergas,
673 2955 845 3067 plurimis
888 2953 1084 3044 beneficiis
1121 2955 1236 3069 sepius

227 3094 368 3175 ctuque

656 3181 739 3262 Tili
761 3173 1086 3289 deuinsliffimum,

1128 3375 1169 3454 R·
1192 3372 1236 3452 H·

230 3288 320 3348 Martii
341 3306 385 3347 ιι.
407 3293 491 3351 1681.

268 3590 345 3649 l'telo
366 3590 530 3649 inundantur
553 3591 581 3649 in
597 3591 690 3668 ungria
711 3593 903 3653 Commentatii
928 3594 1068 3666 cuiusdam
1082 3591 1191 3671 Dionyr‘n
1212 3590 1237 3648 iu

231 3686 342 3726 erretuor
364 3670 506 3752 Eurngrliu
531 3691 538 3726 .-
567 3669 747 3742 Seru-[utini.
788 3683 903 3746 Quaere,
922 3675 970 3733 Vir
992 3675 1105 3752 optime,
1123 3676 1176 3753 quir
1192 3668 1238 3728 suit

230 3745 273 3804 ule
288 3746 439 3825 Dionysus,
459 3767 514 3825 quo
529 3765 650 3823 tempure
665 3745 771 3823 tint-uit,
786 3751 887 3830 quidve
901 3752 972 3816 aliud
985 3751 1098 3834 scripit.

1123 3941 1237 4026 XXV.
