2646 4448
6 127 19 220 l

5 323 13 374 r

5 433 16 488 a:

5 545 16 600 l

5 659 16 742 s

5 775 14 828 t

4 1138 15 1168 a

4 1203 7 1242 ὲ

4 1341 12 1394 l

177 93 756 196 uaesaniam
798 81 973 190 Vtri.
1032 125 1090 227 31

70 277 164 347 nato
181 263 299 378 longe
316 259 530 373 praeclarius
546 259 729 362 merituri,
758 278 883 342 morte
898 257 1013 369 plane
1026 260 1096 346 de·

69 377 292 476 collaverat,
318 373 717 474 frustratus-metam,
746 369 912 456 finelaeu
932 370 1097 484 cujuspi-

67 509 132 567 am
149 489 274 572 aemnli
288 485 447 572 cursoris
464 489 506 570 in
522 485 647 569 isthoc
661 483 786 567 stadio
804 481 1007 568 ambitiose
1015 510 1094 568 cer·

67 601 185 682 taturi
203 599 318 701 fami,
345 603 424 710 jam
439 599 581 710 attingi
600 589 703 708 posse
718 593 808 680 satis
822 621 977 709 gnarus,
993 593 1097 682 istius

67 707 228 822 incepti,
258 711 438 824 auspiciis
461 710 556 811 suis,
573 711 641 821 qui
658 709 793 792 omnia
819 711 862 791 in
888 707 1096 793 Academii
1154 741 1156 747 ·

66 824 211 930 potuit,
241 818 460 908 maturandi
478 822 551 908 five
569 821 734 932 gloriam
750 819 825 904 five
839 844 938 903 onus
953 821 993 903 in
1005 823 1095 904 Ber·

67 933 230 1018 nardum
239 937 388 1020 curavit
408 933 722 1018 transferendum.
742 933 1094 1018 Bernardusautem

67 1041 183 1128 instat
195 1045 374 1160 sapientis
394 1045 601 1132 Architecti
618 1046 667 1129 de
678 1047 787 1129 omni
803 1043 942 1128 idonea
962 1070 1001 1126 re
1013 1071 1095 1128 ma·

67 1156 228 1263 teriarii,
258 1159 528 1262 instrumentis
554 1159 778 1269 reliquoque
802 1152 1007 1240 necessario
1024 1184 1095 1267 ap-

66 1289 219 1376 paratu,
245 1295 337 1356 ante
358 1271 454 1382 jaiia
480 1271 616 1354 aedium
643 1270 933 1354 condendarum
958 1266 1095 1354 sunda·

65 1399 209 1484 menta,
239 1382 385 1468 summe
403 1383 567 1483 solliciti,
595 1401 782 1492 quantum
797 1377 884 1462 esset
901 1384 1094 1492 exempla-

4 1486 12 1588 ζ
68 1492 170 1575 rium
194 1495 554 1606 manuscriptorum,
591 1514 672 1576 tum
695 1493 819 1575 Graeci
845 1490 982 1589 textis,
1012 1511 1094 1578 tum

4 1597 13 1700 J
65 1605 247 1689 versionis
277 1608 555 1718 Epiphanian‘ae
589 1607 630 1687 in
669 1603 806 1686 nostris
839 1601 1093 1688 bibliothecis

4 1705 11 1816 ζ
63 1715 276 1816 latentium,
307 1719 430 1827 primi>
450 1722 488 1800 in
504 1715 592 1800 usus
608 1715 958 1824 suoscomparavir,
985 1715 1093 1798 sebe·

4 1817 11 1918 Ϊ
62 1826 125 1909 dis
157 1827 335 1930 Bosranis,
369 1836 446 1942 jam
469 1833 538 1912 illo
564 1829 778 1939 instigante,
806 1826 854 1908 ab
880 1825 1093 1911 haeredibus

4 1951 11 2040 ζ,
64 1939 217 2050 ingenti
235 1946 360 2052 pretio
376 1941 591 2052 redemptis,
624 1945 664 2022 8<
685 1941 816 2050 magni
843 1937 930 2019 sane
951 1939 1093 2020 faciem

4 2053 10 2136 ἶ
64 2049 151 2131 dis:
173 2079 260 2136 cum
278 2081 325 2135 ex
341 2057 522 2136 Samuelis
539 2054 654 2135 Petiti
672 2054 788 2159 largis
807 2052 1093 2134 commentariis

2 2157 9 2252 'J
64 2162 183 2275 longe
197 2187 310 2248 antea
330 2167 371 2247 in
390 2165 634 2249 bibliothecae
657 2163 871 2244 bodleiana
889 2163 1092 2271 gazophy-

2 2283 6 2383 ᾗ
64 2274 208 2358 lacium
223 2305 271 2360 ex
289 2277 420 2361 Gallia
441 2275 674 2370 transveiiis,
704 2276 771 2355 vix
787 2275 991 2382 quippiam
1006 2271 1093 2356 sub·

2 2393 6 2405 “
63 2383 150 2468 fidii
174 2388 223 2471 ad
253 2388 518 2471 illustrandum
553 2407 699 2467 textum
736 2387 864 2494 colligi
901 2387 1090 2493 potuerit,

63 2496 253 2607 (demptis
281 2501 522 2611 exceptisque
557 2496 786 2608 quibusdam
813 2497 834 2576 e
863 2495 1093 2580 membranis

3 2691 5 2698 ,
63 2611 323 2711 Peirescianis,
358 2613 408 2695 ab
435 2616 504 2694 illo
531 2615 630 2692 Viro
659 2605 955 2716 izrgenioliisimo
990 2612 1086 2691 olim

2 2729 5 2814 j
60 2727 269 2834 excerptis)
296 2728 317 2770 r<
338 2750 432 2835 quos
451 2725 631 2807 nimirum
655 2718 762 2830 spissi
785 2718 1087 2826 Rabbinicarum

63 2830 382 2919 observationum
400 2837 591 2944 sartagine
613 2832 663 2914 ad
690 2833 866 2914 nauseam
886 2824 1000 2941 nsque
1017 2859 1091 2940 op·

64 2944 248 3052 plevisset.
307 2950 473 3048 Deinde,
507 2944 727 3042 Bernardus,
748 2943 952 3051 specimine
969 2946 1097 3053 operis

63 3055 263 3167 Josepbici
292 3063 420 3162 edito,
462 3055 693 3142 dosiissimos
721 3059 873 3138 Amicos
911 3055 996 3136 snos
1027 3081 1093 3164 per

63 3172 246 3268 Galliam,
264 3176 449 3281 Belgium,
465 3178 504 3254 b<
517 3169 780 3263 Germaniam,
804 3167 968 3276 alibique
990 3165 1091 3276 spar-

60 3279 139 3382 sos,
174 3283 311 3366 crebris
348 3287 465 3367 literis
497 3281 724 3375 solicitavit,
762 3297 804 3357 ut
829 3279 1017 3387 suppetias
1044 3282 1086 3362 in

62 3396 198 3476 linere
225 3395 410 3479 omnibus
440 3396 642 3505 profutura
669 3389 860 3472 laboranti
886 3393 983 3471 serre
1008 3396 1090 3470 vel-

66 3509 161 3588 lent.
239 3511 319 3591 Vix
362 3514 569 3619 quicquam
609 3505 742 3585 nuncii
777 3525 843 3582 aut
877 3503 1091 3584 faventiori

3 3615 5 3620 ’
63 3644 159 3702 aure
176 3641 383 3732 exceptum
406 3638 472 3702 aut
507 3617 716 3700 sonantiori
744 3613 889 3722 plausu.
945 3616 1091 3694 Omnes

243 3880 260 3919 t
280 3876 347 3936 Vide
359 3895 385 3954 e,
397 3874 496 3936 isiolanr
509 3876 624 3936 Bredelii
638 3875 802 4035 agliosrnm,
821 3893 849 3950 p.
864 3895 928 3953 350.
991 3951 1017 4034 b

1020 3982 1096 4035 Ona
