2702 4442
197 172 278 268 u.
304 167 359 264 u.
387 155 798 262 servanus
824 146 1030 252 vara
1069 133 1135 292 7's‘

110 329 349 450 numerisque
368 325 443 412 suis
463 321 680 410 absolutum
706 297 897 404 redditum
922 305 1047 422 inille,
1074 321 1146 420 cu}

110 458 180 535 vix
198 451 402 564 quicquam
431 445 473 523 in
496 437 634 521 eodem
663 457 802 546 genere
831 429 1146 542 comparandum·

113 564 280 650 seculum
299 553 539 670 produxerit.
594 547 667 631 Sed
693 547 787 629 huie
812 543 968 658 aliisque
988 548 1142 656 praela..

114 673 264 763 rilsrmis
294 660 627 753 molitionibus&
652 657 748 742 ausis
776 657 953 742 continui
976 683 1044 766 per
1072 660 1143 748 ali.

115 809 212 903 quot
237 805 360 870 annos
388 783 593 888 languores
626 765 885 873 intercessere,
913 765 1147 898 tandemque¹
1213 803 1217 808 ·

119 924 223 988 mors
247 893 405 993 acerba,
439 913 558 1006 quam
585 881 852 968 immoderatis
880 879 1012 995 stridiis
1046 886 1150 1012 vrgi-v

120 1013 254 1124 liisque
291 1000 572 1122 acceleraverit,
609 995 769 1082 fatalem
803 993 991 1108 imposuit
1017 999 1147 1110 peno.

122 1128 227 1212 dunt.
865 1113 867 1124 '
1148 1185 1151 1192 ,

180 1243 263 1322 Hos
281 1255 417 1315 omnes
440 1223 561 1310 libros
580 1218 630 1306 ab
653 1220 725 1302 illo
744 1211 990 1329 compositos,
1023 1217 1150 1306 illam.-

123 1377 198 1465 que
217 1343 562 1436 Colledaneorum,
591 1360 672 1447 quae
702 1329 784 1416 fuse
803 1332 1028 1433 memoravi,
1054 1329 1153 1418 alio·

126 1465 287 1572 rumque
306 1457 445 1539 molem
464 1481 474 1532 :
493 1452 584 1532 item
604 1445 755 1530 codices
767 1441 1057 1555 manuscriptos,
1070 1449 1155 1528 col·

128 1583 242 1674 latos,
270 1567 447 1678 notisque
464 1559 704 1646 eruditorum
716 1559 899 1642 Virorum
918 1557 1029 1668 hujus
1043 1559 1083 1639 8<
1095 1555 1156 1641 su-

16 1709 18 1718 ’
129 1685 292 1802 perloris
311 1680 422 1763 seculi
440 1674 657 1770 illustratos,
677 1695 773 1782 quos
788 1671 830 1750 in
846 1671 986 1768 Gallii,
1008 1671 1157 1781 Belgio,

1 1859 2 1902 ;
132 1807 173 1884 ὅ(
193 1793 286 1880 alibi
300 1806 604 1904 comparaverat,
623 1810 696 1895 pro
708 1781 910 1892 prudentii
926 1779 989 1868 sua
1003 1777 1158 1866 clariffiJ-

1 1968 3 1976 ν
134 1916 189 1997 mi
207 1907 455 1996 bibliothecae
480 1899 695 1982 bodleianae
717 1895 921 1978 Curatores
946 1894 988 1978 in
1009 1895 1158 1980 aeternis

1 2015 2 2092 Ϊ
133 2028 237 2112 illius
253 2020 436 2116 archivis,
465 2015 519 2095 ita
534 2009 681 2124 sperare
697 2010 738 2090 dc
750 2006 1001 2202 augurari'fas
1015 2007 1081 2108 est,
1101 2035 1161 2092 re-

1 2198 3 2248 ς
138 2133 341 2250 ponendos
361 2126 535 2240 pecuniis
559 2121 726 2234 publicis
749 2145 787 2202 re
814 2136 991 2202 emerunt
1016 2148 1026 2201 ε
1055 2119 1162 2231 quod

1 2316 3 2324 J
138 2252 264 2344 &ille
283 2243 449 2326 moriens
463 2237 631 2347 optavit,
661 2228 779 2314 modb
797 2233 959 2344 pretium
978 2231 1166 2341 aliquare,

1 2431 3 2441 ι
138 2390 212 2447 nus
230 2357 400 2443 debitum
413 2373 635 2461 aequumque
654 2343 870 2426 deferretur.
913 2341 1033 2424 Iidem
1046 2339 1164 2428 etiarn

1 2474 3 2480 ’
140 2467 413 2558 multoslibros
434 2457 644 2573 imprell'os,
673 2457 843 2542 melioris
866 2459 906 2540 b<
922 2456 1076 2538 ratio-ris
1093 2483 1165 2539 no-

1 2661 2 2669 ,
142 2607 202 2686 tae,
230 2570 734 2694 illicquoquedesrderatos,
763 2565 1167 2657 exbibliotbeciBem

1 2705 3 2713 ’
144 2695 316 2792 nardini,
355 2689 624 2799 exploratione
652 2679 797 2781 habits,
833 2678 1072 2794 colligendos
1096 2678 1169 2790 jus,

1 2895 2 2898 t
144 2811 252 2894 sere:
290 2832 363 2915 pro
390 2803 459 2884 ‘his
482 2798 610 2881 solutae
640 2815 747 2877 erant
771 2815 925 2877 centum
943 2795 982 2872 8<
1008 2795 1172 2904 quadra,

1 2929 2 2936 ‘
147 2927 255 3034 ginta
285 2915 388 3000 librae
418 2911 652 3020 sterliugicae,
682 2932 758 3016 pro
774 2906 848 2988 illis
873 2930 968 2988 vero
987 2897 1170 2994 ducentae.

148 3033 287 3116 Ceteri
317 3027 466 3140 publici
496 3024 670 3106 auilione
692 3015 1017 3118 distrahebantur,
1044 3021 1175 3103 multis

148 3145 309 3257 egregiis
329 3141 436 3243 viris,
465 3141 563 3247 'quos
579 3132 854 3217 bibliothecam
871 3127 1041 3211 selectam
1056 3129 1174 3212 ador-

152 3257 272 3343 nandi
297 3251 398 3335 cura'
418 3275 603 3359 amorque
625 3246 841 3356 tetigerunt,
871 3240 992 3324 libros
1013 3235 1178 3344 relilios,

151 3363 313 3484 quorum
328 3388 488 3476 magnus
509 3379 590 3471 erat
605 3381 796 3456 numerus,
811 3351 1178 3466 praesertimsrmauu

153 3491 205 3568 D.
222 3479 401 3567 bernardi
420 3493 657 3576 notarentur,
687 3497 767 3551 non
785 3468 860 3550 fine
873 3493 1016 3578 magno
1032 3466 1179 3550 ambitu

154 3603 195 3678 bc
218 3591 474 3704 prensarione,
501 3559 614 3700 abile
635 3579 895 3690 rapientibus:
925 3579 1030 3689 quod
1054 3579 1103 3661 de
1121 3578 1182 3662 Bi·

153 3709 244 3794 bliis
269 3685 835 3813 Polyglotris'bbndinensrbus
855 3692 1095 3804 peculiariter
1124 3689 1187 3774 di·

157 3820 323 3911 cendum
353 3801 491 3898 haben.
546 3781 709 3913 'Qbibus
744 3807 787 3888 in
821 3803 1026 3887 duodecim
1056 3821 1185 3887 tomos

159 3928 376 4059 diremptis,
404 3928 469 4048 ille
497 3922 664 4048 propriis
693 3920 790 4008 locis
811 3916 997 4027 Synopsm
1021 3917 1187 4000 Critico-

296 4061 299 4068 ‘
1102 4052 1188 4115 rum
