2646 4448
217 137 289 278 28.
357 129 1163 248 Admrruurrnrnrorrvu

215 285 280 408 nui
304 299 349 406 in
374 298 515 410 Anglii
544 293 761 406 adscriptus
789 321 841 382 es.
896 301 1120 409 Anglorum
1139 303 1230 385 enim
1289 275 1291 296 ’

216 409 435 514 Amderniis
466 413 629 497 multum
650 407 798 512 deletu,
826 413 869 496 8(
886 407 940 492 ob
958 409 999 494 id
1025 438 1163 524 queror
1177 416 1229 496 Bi·

214 519 421 630 biiothecae
443 522 577 608 nostrae
603 523 839 632 pauperiem,
864 551 946 634 quae
971 531 1227 625 recentiomm

213 631 1076 748 quosSeptentrionalesSclrolaefoecundiffime
1088 643 1224 750 progig-

214 763 329 854 nupt,
355 745 532 834 cori-icum
563 746 691 834 inanis
719 775 764 832 ac
790 749 917 858 jejuna
943 750 1048 832 milri
1081 754 1218 834 videtu.

215 859 392 946 Ditescat
409 861 528 973 igitur
546 886 615 970 per
635 879 686 960 ter,
714 887 760 942 ac
780 858 996 972 largifluam
1023 861 1220 976 benignita·
1299 895 1300 974 j

217 991 298 1075 tem
332 974 376 1059 in
406 998 468 1059 me
487 971 792 1062 tuamomnibus
823 970 952 1072 bonis,
982 970 1061 1058 five
1084 1003 1165 1087 quae
1185 975 1225 1058 ad
1299 981 1300 1028 ³

215 1085 397 1198 politium
414 1087 557 1184 literas,
595 1077 671 1176 five
691 1083 743 1170 ad
766 1108 923 1172 omnem
943 1086 1228 1199 Philosophiam

219 1199 263 1286 8<
287 1195 496 1299 Math'efiu,
537 1195 613 1282 sive
634 1198 688 1282 ad·
705 1199 957 1284 recentiorem
978 1201 1165 1284 medendi
1180 1200 1227 1282 di
1299 1227 1300 1230 ‘

217 1309 401 1421 ciplinam
419 1311 623 1422 pertinent,
636 1308 841 1420 amplifica.
856 1307 1053 1415 Syllabum
1071 1313 1230 1396 desidero
1299 1363 1300 1380 ÷

217 1423 478 1510 recentiorum
502 1423 735 1524 Authorum,
763 1447 861 1532 quos
876 1427 1170 1536 Typograplriae
1186 1449 1234 1505 ne·

217 1529 404 1629 lebriores
426 1559 574 1648 magnae
599 1537 800 1619 Britanniae
818 1537 1022 1646 vulgavere
1039 1575 1055 1644 3
1081 1541 1122 1620 8(
1140 1536 1234 1619 insu·

218 1671 288 1776 per
305 1649 346 1732 &
363 1641 612 1759 insigniorum
632 1648 851 1746 hominum,
879 1649 947 1758 qui
975 1674 1079 1730 nunc
1104 1648 1233 1732 florent

218 1785 261 1846 m
282 1760 328 1846 iis
345 1758 572 1875 regionibus·
586 1756 868 1859 liorentilirmis,
899 1757 1126 1871 quibuscum
1145 1765 1232 1844 ami·

220 1871 355 1958 citiam
373 1869 542 1956 nostram
558 1874 797 1971 intertexere,
822 1894 1005 1981 tanquam
1019 1873 1061 1954 in
1076 1875 1234 1956 odorum

219 2002 516 2096 vernantemqne
531 1983 761 2082 fasciculum,
782 1981 1091 2067 neobliviscaris.
1123 1989 1231 2088 Quic-

219 2094 314 2206 quid
332 2115 461 2180 autem
479 2099 564 2194 erit,
592 2094 699 2206 quod
722 2123 770 2179 ex
790 2098 868 2180 lroc
886 2099 975 2179 loco
993 2099 1034 2176 8<
1056 2097 1096 2178 in
1119 2125 1178 2179 me
1195 2096 1231 2178 li·

223 2228 307 2290 tum
331 2209 417 2308 erit,
445 2209 621 2291 audelier
654 2208 865 2317 expostula,
893 2211 934 2290 8(
962 2204 1067 2319 jube.
1121 2213 1226 2303 Curn

221 2339 267 2402 ut
284 2321 427 2418 valeas,
456 2319 553 2404 dum
568 2322 843 2429 compendium
862 2322 918 2402 tui
944 2317 1072 2402 cursus
1105 2324 1143 2404 in
1168 2325 1231 2403 Pa-

220 2433 349 2533 triam,
374 2436 415 2516 8ι
441 2432 743 2516 incolumitatem
767 2434 808 2513 in
832 2433 1010 2542 proprius
1034 2433 1142 2534 aedes,
1167 2461 1228 2540 ap

224 2570 359 2658 precor
376 2569 630 2657 augurmque.
656 2552 792 2628 lterum
813 2549 912 2644 vale,

227 2773 295 2830 Non.
316 2768 371 2827 llil.
389 2773 453 2827 Mur.
471 2772 552 2829 1682.

266 2845 386 2906 Melinum
397 2847 423 2904 in
438 2849 551 2906 Mamer·

266 2925 324 2983 rino
336 2923 422 2982 nnllro
435 2928 553 2984 Gunrm·

268 3000 536 3082 s1050cicnnsJesu.

283 3214 470 3300 Hesterno
500 3217 563 3301 die
592 3243 737 3298 niueum
765 3219 911 3298 loeutus
938 3217 1043 3300 esde
1069 3215 1220 3300 Connus.

230 3329 290 3414 Est
307 3353 422 3440 penes
438 3357 498 3410 me
513 3333 639 3436 opella
660 3331 787 3410 italien
805 3369 819 3434 3
853 3326 1135 3440 qualiscunque,
1168 3324 1224 3408 tibi

227 3445 268 3526 in
283 3444 357 3524 mei
375 3443 668 3550 mnemosynon,
686 3439 860 3540 servitui,
878 3443 1005 3522 cedat«
1050 3449 1096 3526 Et
1109 3439 1226 3558 gratiu-

230 3552 250 3635 i
247 3581 309 3638 um
323 3581 383 3636 me
402 3554 505 3662 apud
526 3554 732 3636 Consulem
751 3555 920 3634 nationis
940 3573 1012 3635 tuae
1027 3555 1103 3653 fac,
1132 3575 1168 3637 ut
1182 3547 1232 3630 iu·

230 3667 338 3750 ciliirs
371 3665 510 3748 luneitu
542 3671 641 3748 inter
673 3692 743 3746 nos
776 3665 922 3748 foedera
947 3670 1134 3767 amicitiae,
1161 3663 1235 3746 leri·

229 3779 367 3866 berulis
391 3783 491 3861 ultro
518 3783 690 3888 citroque
707 3777 886 3886 epistolis,
915 3779 1128 3862 foveanmr.
1181 3780 1239 3857 So

228 3888 381 3974 dalibus
404 3893 478 3972 tuis
500 3888 654 3972 sulutem
679 3917 766 3970 meo
788 3895 945 3972 nomine
964 3890 1080 3992 dicas,
1107 3896 1145 3974 lit
1162 3911 1240 3970 cum

229 4003 393 4088 Senioris
408 4000 661 4110 tunrJunioris
684 4029 825 4084 nomen
842 3999 1019 4086 rescribo
1164 4001 1241 4084 XV·
