2606 4454
213 185 276 276 xii
449 179 521 276 De
547 181 586 271 V
583 189 661 302 ita,
701 178 885 307 Studiis,
924 185 1009 280 &o

213 367 301 440 nem
320 380 334 448 3
363 341 505 449 vixque
520 338 708 450 quispiam
727 361 892 452 repertus
909 343 973 442 est,
989 344 1085 456 quin
1098 342 1232 443 sentiar,

212 451 318 537 haud
348 450 397 554 se,
427 450 655 554 salvarant,
676 453 870 539 nedicunt
890 455 1136 557 conscientia,
1174 455 1230 542 nisr

210 564 389 648 conferto
416 565 509 647 illoc
540 562 647 646 sacro
675 566 820 666 itinere,
855 570 896 651 in
918 569 1103 678 Angliam
1125 569 1228 652 redire

210 672 318 786 polle
339 697 407 757 aut
431 676 580 758 debere.
641 680 771 760 Primo
803 680 921 789 igitur
950 701 1027 763 tem
1088 707 1130 766 re
1158 681 1224 764 lili

209 815 292 872 cem
315 789 419 870 illam
438 792 521 871 loca
540 788 607 870 illa
635 785 737 871 sacra
764 789 977 890 Palaeltinae,
1027 817 1093 873 rve
1112 793 1224 876 trium

208 902 381 1010 phantis,
410 898 485 985 five
502 899 644 983 allilia
659 927 703 983 ac
722 903 993 988 Romanorum
1012 904 1134 988 armis
1153 929 1225 1014 pro

207 1011 363 1126 fligatae,
390 1016 512 1096 oculis
532 1010 769 1122 pedibusque
797 1013 981 1099 lustrandi
1004 1017 1227 1128 opportuni·

209 1145 326 1208 tatem
353 1125 496 1234 arripit
521 1127 847 1234 Huntingtonus3
873 1145 988 1210 tanto
1016 1126 1178 1211 alacrius
1194 1127 1227 1208 id

206 1236 386 1335 fatiurus,
417 1237 477 1318 cui
498 1260 554 1318 res
582 1236 795 1320 istiulinadi
820 1263 869 1320 ert
897 1236 1078 1322 instituto
1097 1239 1229 1324 vita&

207 1346 420 1432 studiorum
445 1348 592 1430 ratione
622 1351 743 1457 magis
777 1374 873 1433 curae
902 1354 944 1432 8<
975 1351 1087 1434 cordi
1113 1346 1229 1433 ellent.

204 1462 377 1544 Sauliam
396 1481 524 1544 autem
555 1458 713 1562 Urbem,
746 1488 823 1543 non
848 1487 955 1544 vano
980 1483 1050 1545 aut
1067 1459 1229 1574 superlli·

205 1569 308 1655 tioso
326 1569 474 1670 allellu,
502 1572 604 1682 quali
622 1569 785 1654 obtentu
806 1572 990 1676 merendi,
1019 1571 1085 1656 sed
1111 1594 1227 1657 mente

206 1686 283 1794 pia,
312 1683 415 1781 serii,
458 1687 497 1764 8<
525 1682 700 1794 sapienti,
738 1686 778 1765 in
808 1683 1129 1768 admirandorum
1165 1686 1233 1768 illic
1288 1693 1290 1788 l

205 1796 397 1906 gestorum
417 1812 500 1876 tum
521 1797 608 1878 vitae
628 1815 711 1878 tum
733 1797 868 1880 mortis
884 1792 1092 1882 beariffimi
1110 1801 1231 1879 Salva·
1288 1841 1290 1884 r

206 1912 302 1990 toris
333 1908 450 1990 nostri
479 1909 809 2016 contemplatione
834 1905 960 1991 defixi
991 1911 1126 2017 petit:
1156 1909 1232 2019 poll
1288 1891 1290 1936 ¹

205 2021 388 2102 nimirum
402 2041 634 2126 peragratam
653 2017 730 2101 fere
746 2017 961 2103 universam
976 2024 1178 2104 Grlilaeam
1197 2025 1230 2105 δι

205 2136 422 2214 Samariam.
483 2137 564 2212 lluc
594 2135 697 2213 enim
716 2130 932 2215 divertebat
956 2133 1160 2242 praecipue,
1196 2155 1231 2214 ut

172 2281 174 2285 ¹
205 2271 290 2324 cum
321 2242 488 2352 reliquiis
517 2245 853 2343 Samaritanorum,
892 2245 958 2352 qui
985 2247 1135 2342 Siclma,
1166 2241 1230 2324 live

157 2403 160 2412 ,
206 2357 428 2462 Neapolim,
460 2379 595 2459 utpote
623 2383 670 2436 er
704 2356 805 2438 illius
841 2357 959 2437 ruinis
997 2355 1048 2437 ab
1086 2355 1229 2438 lletodc

204 2468 428 2556 conditam,
473 2468 592 2548 hodie
625 2467 763 2574 Νηρίας
794 2485 1085 2575 nuncupatam,
1132 2471 1227 2575 juxta

205 2601 375 2660 montem
394 2578 574 2677 Gerizim,
603 2577 723 2659 tribus
742 2579 848 2660 horis
868 2577 917 2660 ab
939 2577 1031 2660 urbe
1048 2581 1223 2676 Samaria,

200 2694 297 2792 olim
316 2697 454 2783 &ta-q,
477 2716 576 2770 nunc
594 2687 733 2798 labaala,
761 2686 941 2776 diffitam,
977 2692 1170 2788 incolunt,
1187 2688 1226 2771 de

178 2800 324 2898 libris,
356 2798 562 2908 ritibusque
585 2800 707 2895 sacris,
736 2802 782 2882 de
801 2798 888 2900 fide,
915 2800 1221 2908 opinationibus,

203 2910 551 3006 conluetudinibua,
588 2911 747 3022 aliisque
765 2914 993 3025 congeneris
1017 2913 1219 3022 argumenti

201 3027 250 3105 ad
275 3028 425 3104 illorum
456 3026 682 3132 religionem
703 3023 995 3131 pertinentium,
1024 3026 1216 3106 familiares

201 3134 370 3218 rnil'cerer
406 3136 606 3216 l'ermanes.
663 3137 763 3216 Cum
791 3137 960 3248 reliquiis
984 3135 1104 3244 dixi,
1145 3157 1212 3214 cum

203 3272 284 3328 nou
315 3251 437 3351 plures
465 3247 580 3356 quim
613 3249 773 3360 triginta
799 3269 865 3329 aut
898 3248 1050 3328 circiter
1069 3248 1206 3334 familia,

202 3379 245 3441 ut
275 3359 412 3439 referre
432 3355 564 3440 solitus
582 3381 674 3456 erat,
706 3360 784 3439 illic
816 3353 1054 3469 superellent,
1087 3363 1125 3442 8<
1152 3358 1209 3437 lor·

202 3467 290 3552 tulle
313 3497 392 3552 non
417 3470 535 3550 multo
553 3475 676 3579 plures
697 3478 820 3551 Gaza.
886 3473 1043 3552 lnterim
1063 3469 1123 3551 sul
1143 3491 1205 3578 pau·

202 3587 316 3663 citate
337 3584 521 3677 contenti,
540 3585 589 3664 de
601 3579 634 3662 sc
647 3583 820 3683 praeclare
837 3581 1051 3664 admodum
1067 3587 1106 3665 ὃ(
1121 3603 1202 3685 mag·

201 3695 314 3776 nilico
334 3696 548 3788 lentienteS,
567 3695 609 3801 fe
622 3693 723 3798 fialas
749 3724 850 3772 veros
877 3689 1021 3775 Ehraos
1042 3692 1092 3779 (θ’
1116 3690 1211 3802 Iſsae-

200 3809 305 3898 litus,
336 3827 571 3912 nutrcupanr,
599 3809 638 3885 ὃ(
655 3802 806 3910 Judaeos
823 3797 1104 3888 Palaestiuenses
1118 3795 1212 3885 alios·

200 3943 273 4025 que
290 3914 512 4030 despicatui,
541 3917 677 4000 imo&
710 3917 817 4021 odio,
847 3913 1046 4024 habentes,
1076 3917 1124 4001 ab
1143 3913 1210 3995 illo-

215 4047 226 4062 ··
1133 4045 1209 4124 runt,
