2612 4450
311 115 855 223 EPISTOLAE.
1039 163 1107 268 ῃ

571 444 618 522 11.

7 580 20 722 ᾖ
77 597 306 741 Clariffimo
346 625 467 728 atque
497 593 746 735 ornatiffimo
785 597 986 734 Domino,
1022 602 1109 703 Ec·

6 785 21 838 :t
144 742 269 880 clefia
293 741 519 872 Anglorum
543 741 752 870 Minister,
802 741 859 834 R.
890 747 950 838 H,
1020 747 1109 842 Mi.

5 898 15 1065 d
145 878 385 1114 {inaggNau
408 874 623 1000 Sacerdos,
649 914 669 970 e
693 879 889 974 Societate
912 872 1037 1022 Jesu,
1060 887 1105 982 S.

4 1241 11 1292 i

207 1293 333 1379 Orruit
367 1290 561 1374 Dominus
595 1258 719 1375 noster
746 1290 942 1402 Optimus,
983 1295 1109 1382 Maxi·

80 1417 108 1500 t
161 1498 166 1502 ,
234 1433 331 1504 mus,
367 1403 505 1515 beatos¹
531 1406 592 1486 vel
621 1407 698 1488 hoc
725 1407 883 1488 nomine
914 1407 1108 1512 pacificos,

3 1581 14 1596 ,
81 1519 190 1629 quod
207 1517 277 1601 filii
298 1522 373 1601 Dei
389 1509 638 1598 vocabuntur.
673 1518 760 1620 Qui
783 1515 994 1602 suaviffimo
1010 1549 1108 1605 voce

1 1620 14 1718 ‚⁹
80 1651 335 1742 provocatus,
364 1629 414 1712 de
433 1628 646 1710 revocandi
666 1631 768 1738 apud
783 1626 932 1713 nostros
952 1629 1109 1715 vestros-

79 1769 158 1853 que
174 1742 395 1844 concordia,
425 1767 507 1822 non
522 1742 787 1850 cogitaveram
799 1740 930 1839 modo,
959 1741 1109 1852 sedpro

1 1854 11 1943 ᾖς.
79 1859 267 1938 tenuitate
292 1882 376 1937 mea
402 1878 564 1962 egeram.
621 1857 704 1936 Nec
718 1853 842 1937 defuit
864 1853 976 1938 nobis
992 1859 1111 1941 vehe-

1 1962 11 2053 j
81 1993 192 2050 mens
212 1967 504 2051 Dominationis
529 1963 653 2046 vestra
687 1966 859 2064 studiun,
886 1965 1110 2052 videbatur·

1 2072 11 2087 ’
80 2107 161 2270 pue
177 2105 257 2162 rem
272 2077 369 2163 adei>
383 2077 643 2161 Christianam
658 2079 761 2187 apud
780 2076 866 2163 suos
882 2077 1110 2191 absolviffe3

6 2259 9 2288 ς
101 2193 430 2302 poponderatque,
445 2189 561 2271 initio
577 2187 841 2301 consequentis
855 2190 1110 2278 hebdomadae

1 2390 7 2404 ,
78 2305 181 2403 sore,
218 2324 262 2385 ut
278 2308 479 2386 certiorem
513 2302 753 2402 me-faceret,
781 2330 861 2414 quo
880 2304 945 2387 die
964 2332 1110 2389 conve·

3 2465 4 2469 κ
80 2417 166 2498 nire
189 2414 288 2498 inter
320 2417 394 2498 sese
421 2409 572 2522 poffent
601 2415 713 2495 vestri
735 2441 780 2495 ac
800 2412 942 2514 nostri,
972 2438 1012 2499 ut
1031 2418 1110 2500 dis-

80 2525 218 2611 cordia
240 2529 379 2626 omnis‚
408 2525 595 2608 summum
623 2525 832 2608 Christiani
855 2528 1022 2611 nominis
1043 2528 1110 2613 de·

79 2644 212 2740 decus,
245 2638 423 2723 emedio
456 2641 665 2739 tolleretur,
701 2638 823 2748 ficque
853 2636 1110 2726 stabilirentur

84 2752 193 2864 pasta
208 2771 352 2852 vetera,
381 2773 424 2832 ut
445 2753 572 2834 nul-lus
589 2752 772 2860 deinceps
789 2754 850 2832 vel
871 2751 1012 2852 fraudi,
1046 2759 1110 2839 vel

81 2865 339 2964 contentioni,
376 2865 482 2944 locus
512 2859 583 2944 ess'e
605 2857 736 2973 poffet.
791 2863 894 2965 Quia
930 2864 977 2944 fic
1008 2867 1109 2949 mihi

80 2979 235 3062 dixerat
256 2976 491 3059 Dominatio
514 2975 650 3076 vestra,
677 2975 724 3056 fic
743 2975 891 3057 nostros
905 2978 1110 3080 admonui,

79 3117 180 3202 qnos
197 3117 278 3172 non
293 3089 368 3171 fine
389 3087 519 3169 labore
538 3087 586 3168 ad
606 3089 855 3169 concordiam
869 3091 1109 3196 impuleram,

78 3208 144 3288 vel
158 3223 412 3314 repugnantes
429 3196 669 3311 gravissimis,
698 3219 740 3280 ut
758 3199 924 3286 aiebant,
945 3201 991 3283 de
1005 3203 1111 3285 caus-

77 3317 137 3399 fis.
196 3315 432 3399 Effluxerunt
466 3313 634 3394 condicti
671 3312 763 3410 dico,
794 3339 860 3394 nec
881 3313 977 3396 ullus
999 3341 1020 3395 e
1043 3341 1112 3396 ve·

77 3428 165 3513 stris
192 3430 385 3538 appatuit.
443 3424 559 3506 Unde
590 3423 712 3506 visum
742 3421 794 3504 est
824 3425 936 3505 illudi
956 3424 1108 3521 nostris.

75 3570 154 3626 nec
185 3542 263 3650 jam
282 3537 354 3622 effe
389 3559 554 3620 veterem
590 3537 838 3618 concordiam
869 3534 1109 3645 sperandam.

74 3661 129 3741 Et
156 3649 248 3736 effet
276 3674 378 3735 certe
407 3647 621 3758 abjicienda
653 3648 735 3758 spes
761 3651 899 3747 omnio,
932 3646 1000 3730 niti
1030 3678 1110 3732 rem

75 3765 241 3877 aggredi
258 3764 492 3846 Dominatio
511 3762 633 3844 vestra
656 3789 730 3871 pro
750 3759 906 3842 Christo
930 3765 1017 3842 Deo
1034 3769 1113 3844 vel·

74 3885 142 3965 let.
205 3875 457 3990 Jamquidcm
477 3875 744 3960 difficillimum
759 3875 944 3990 miltierit
963 3875 1113 3957 nostros

1069 4014 1112 4069 ro
