2612 4450
194 109 920 232 o.tt.uvuttuoro'ut.
987 141 1068 238 xu

54 319 159 395 tutu,
178 311 277 377 ‘cum
299 296 411 378 venii
431 293 586 378 candidi
606 295 787 394 Lellotis,
816 295 899 377 licet
921 301 1068 409 impot-

52 428 180 504 turmo,
209 408 394 515 ingeram,
440 421 636 489 communic
663 405 765 521 istius
780 405 926 516 fidinis,
953 413 1068 493 Chri·

50 516 298 616 stimonium
316 517 548 600 credentium
560 520 776 619 salvatoris,
800 515 1069 628 sanguinitae·

50 629 206 742 quilitae‚
233 655 333 727 cura,
368 653 463 739 quos
495 629 585 711 fidei
614 629 756 710 Sanctis
782 626 892 710 semel
924 632 1069 716 traditae

50 765 165 824 arnor
190 746 231 824 8(
251 741 429 842 studium,
458 765 552 851 quos
570 740 736 852 denique
752 764 902 823 morum
928 743 1069 828 fludio-

51 873 214 964 rumque
231 851 448 950 similitudo,
467 876 623 964 parque
645 852 693 934 de
712 877 751 933 re
770 852 983 938 Christiana
1010 857 1069 938 iu·

52 984 113 1046 tet
128 961 263 1045 efferos
277 961 529 1074 superbosque
544 965 662 1046 crucis
679 964 821 1045 Christi
836 963 958 1050 hostes
974 963 1072 1050 berse

53 1074 230 1158 metendi
258 1082 384 1176 zelor,
427 1072 620 1156 indivulso
660 1075 833 1158 frutetuae
870 1076 1073 1162 charitatis

54 1211 161 1268 nexu
185 1188 396 1295 copulavit.
456 1192 605 1268 Horum
629 1186 768 1284 literis,
798 1186 881 1295 poll
905 1187 1073 1273 relillam

53 1299 280 1407 AEgyptum‚
312 1296 772 1398 monitus‚omneslibros
793 1301 1073 1408 Prophetarum

54 1412 201 1490 alicubi
232 1431 400 1519 repertos
425 1408 544 1508 fullio,
576 1410 624 1492 de
647 1411 692 1492 iis
708 1407 960 1520 adipiscendis
984 1410 1074 1494 soli·

52 1523 131 1601 citl
169 1543 295 1602 mente
324 1519 471 1628 agebat.
529 1525 589 1603 An
614 1518 705 1605 vero
736 1521 978 1603 Amauuensrs
996 1522 1076 1621 iste,

57 1634 190 1743 pretio
222 1633 450 1732 condolitu,
492 1633 533 1714 in
556 1629 656 1714 hisce
683 1633 829 1715 ultimis
845 1630 959 1714 fidem
978 1632 1076 1742 paui

57 1745 288 1838 servaverit,
326 1743 590 1855 &quousque
645 1746 834 1844 ertexerir,
876 1747 1078 1856 quippiam

58 1881 133 1964 pro
151 1879 257 1936 certo
273 1855 427 1937 [latuere
441 1881 520 1937 nou
542 1772 699 1964 pollotri.
799 1859 800 1866 '

121 1967 265 2050 Eodem
297 1989 472 2074 tempore
503 1971 651 2048 Kallirae
676 1967 805 2052 aderat
824 1963 1080 2048 reverrudiffi·

61 2103 147 2158 mus
164 2081 286 2177 Pater,
304 2083 353 2159 D.
370 2077 537 2186 loannes
558 2077 735 2174 Lasruris‚
759 2075 1077 2187 Arrhicpiscopus

61 2192 213 2271 Montis
232 2192 338 2286 Siuae,
368 2218 423 2273 res
445 2193 578 2301 populi
596 2190 809 2274 Clitilliuui.
842 2213 956 2300 quern
975 2215 1079 2299 rege-

58 2301 140 2400 bat,
173 2303 275 2409 apud
309 2293 448 2382 Rullum
473 2325 749 2410 procuraturus.
808 2307 917 2381 llurtc
947 2302 1080 2392 adibat

60 2419 114 2495 D.
161 2415 470 2520 lluutingtouus‚
515 2418 631 2492 muira
670 2413 717 2492 (lc
760 2411 856 2492 llrru
884 2413 1081 2516 religionis

60 2525 291 2606 Chrilllanae
312 2526 350 2603 iu
372 2526 506 2606 ricinis
523 2524 744 2628 ptoviuriiu
775 2526 889 2602 multu
911 2521 957 2600 rle
978 2519 1081 2601 libris

62 2637 108 2718 in
127 2629 358 2719 bibliotheol
382 2633 622 2732 Monastuii,
664 2638 697 2714 S.
723 2632 936 2712 llutliuriuae
953 2630 1084 2729 dirati',

64 2773 143 2855 quo
159 2745 295 2829 leuem
328 2744 477 2841 habuit,
507 2747 548 2826 iu
569 2746 706 2825 verriu·
727 2746 825 2824 illius
845 2745 987 2823 motuis
1007 2747 1084 2821 rol·

61 2859 195 2957 locati,
225 2854 408 2968 repositis,
430 2861 493 2966 qui
514 2853 787 2967 qualescunque
807 2852 932 2951 rsstnt,
962 2855 1086 2950 ouini,

92 2971 289 3066 uldecuit,
326 2971 505 3051 modullirl
537 2993 704 3076 rogans:
732 2992 845 3075 quem
865 2965 974 3072 parili
994 2989 1084 3042 cau-

62 2997 176 3182 gore,
205 3080 391 3178 dollriufi,
418 3085 458 3162 ὃ(
476 3081 775 3188 juditiopolltte
802 3103 931 3158 rotatu
953 3101 1086 3184 expor-

64 3205 129 3276 tus
164 3194 227 3274 est.
284 3193 352 3274 Sed
374 3218 452 3272 non
467 3192 537 3272 diu
557 3192 658 3270 iuitae
677 3189 864 3286 amiciriae,
904 3213 1014 3296 quam
1035 3187 1088 3265 l'e·

63 3310 124 3392 lix
145 3303 247 3386 casus
274 3305 560 3399 conciliaverat,
589 3299 694 3380 usuril
724 3299 798 3380 frui
824 3302 957 3380 daturu
975 3319 1088 3401 orut3

60 3438 207 3529 utpote
227 3413 247 3495 ὲ
265 3413 479 3496 seinvicem
495 3409 612 3493 avulfi
634 3477 644 3510 ‚
675 3414 737 3491 ille
757 3413 798 3492 iu
816 3409 1006 3503 Arabiam,
1025 3410 1089 3488 hic

62 3532 114 3613 in
135 3529 296 3633 Syrium,
326 3545 575 3608 revertuntur.
631 3525 750 3631 Hujus
772 3519 866 3602 vtro
891 3517 1091 3600 convorsu-

63 3643 193 3724 tiouis
218 3640 400 3721 memoria
421 3637 539 3718 menti
564 3641 604 3716 ὃ(
629 3633 804 3715 medullis
828 3638 877 3712 D.
900 3631 1093 3735 Huuriug-

60 3753 157 3834 toni
176 3750 274 3832 adeo
290 3749 373 3830 fixis
387 3745 654 3854 tenacibusque
669 3743 859 3825 radicibus
875 3739 1094 3838 udlraelirat,

61 3882 110 3949 ut
123 3849 1096 3961 deillrcommercioliterarumrevocandtfiutqtitm

548 3968 614 4078 [b
646 3967 709 4078 2]
934 3963 1100 4058 maximo
