2646 4448
2 131 21 226 l
183 141 996 266 monetariorum
1067 194 1094 304 ς

6 333 22 426 ,²
68 335 225 426 tutum,
253 327 316 408 cui
341 354 387 409 ex
414 323 545 410 indole
573 329 614 410 uz
641 331 760 438 genio
781 349 922 413 naturae
950 327 1034 441 apti
1055 337 1098 417 ut

2 435 22 552 t:
67 436 1100 550 compostividentur,provariacondirionesubeant‚

1 553 21 652 *s
65 550 213 633 autad
233 549 481 633 Academiam
513 552 728 661 (quotquot
758 578 895 660 nempe
914 580 962 639 ex
991 553 1100 636 instra

4 669 22 768 ξ’
65 665 222 744 mentis
244 661 508 770 propensione,
537 683 604 743 aut
618 683 666 742 en
689 661 941 746 destinatione
963 685 1100 774 paren·

64 791 176 876 tum,
199 770 274 854 sese
289 793 395 856 totos
414 799 478 882 per
493 774 680 882 integram
695 777 814 856 vitam
825 773 954 855 studiis
974 779 1101 860 literaa

1 874 22 986 *ἴ
67 905 166 968 rum
185 881 270 966 sunt
288 884 437 994 daturi)
466 883 666 965 altioribus
697 883 1022 996 severioribusq'ue
1039 888 1099 970 di·

15 1009 20 1062 ὲ
69 991 247 1106 sciplinis
262 993 461 1076 imbuendi
474 995 734 1078 amandentur.
784 1003 868 1079 Hoc
886 1018 1013 1079 autem
1035 1021 1100 1107 pe*

70 1105 288 1188 cntiareest
304 1106 405 1188 istius
431 1107 573 1187 Schola
602 1108 855 1217 privilegium,
884 1129 928 1189 ut
940 1125 1013 1190 tres
1036 1119 1103 1192 aut

1 1235 19 1293 r:
70 1241 247 1326 quatuor
261 1217 528 1316 adolescentes,
544 1237 725 1326 proutres
739 1222 1101 1319 tulerint,inAlur'n·

1 1324 18 1381 θ’
70 1355 152 1412 nos
170 1329 339 1438 Collegii
369 1333 402 1410 S.
425 1325 587 1434 Joannis
606 1329 774 1441 Baptistae
793 1333 956 1428 Oxonii,
995 1333 1103 1441 quod

7 1463 19 1516 r
69 1440 139 1523 his
158 1438 395 1548 potissimum
418 1440 657 1549 recipiendis,
686 1441 826 1550 suaque
842 1442 1102 1527 munificentia

70 1551 278 1652 fovendis,
304 1579 382 1667 quo
403 1577 469 1662 per
484 1577 600 1632 omne
620 1578 744 1635 avum
771 1556 818 1635 dc
838 1556 986 1635 civitate
1002 1559 1104 1637 Lon·

0 1685 17 1775 j
71 1659 241 1760 dinensr,
275 1667 378 1772 cujus
395 1681 475 1742 erat
494 1667 648 1761 Praetor,
679 1666 717 1747 h.
736 1691 768 1745 e.
800 1663 952 1747 summa
973 1662 1104 1776 dignu

1 1807 15 1844 r:
73 1778 172 1856 tatis
186 1773 487 1882 Magistratus,de
500 1773 702 1884 republica,
717 1776 765 1856 de
783 1776 929 1857 ecclesia
944 1803 1104 1859 merere⁴

71 1889 155 1987 tur,
169 1911 351 1995 regnante
363 1889 413 1968 R.
427 1887 565 1986 Maria,
585 1885 1105 1997 fundavitvitamplilsrnrue,

72 1999 133 2080 D.
168 2000 343 2081 Thomas
373 1997 543 2100 Whltu5‚
581 1995 732 2106 fingulis
758 2000 868 2080 annis
897 2001 1101 2106 eligantur.

1 2122 16 2196 r
75 2107 209 2192 isthoc
227 2129 406 2216 tempore
422 2106 595 2190 scholam
611 2109 706 2190 rexit
724 2111 935 2192 Guilelmus
955 2115 1107 2217 Dugar·

4 2233 15 2310 'r
73 2219 164 2320 dus,
193 2218 345 2301 viriste
372 2238 451 2300 arte
476 2222 572 2300 nulli
594 2218 893 2330 postponendus,
936 2223 1105 2332 quodert

6 2396 10 2404 ,
71 2325 227 2444 ingenti
245 2331 427 2411 Virorum
446 2328 806 2439 praeclariffimor'um
824 2353 996 2431 numet0,
1009 2355 1106 2443 quo*

8 2502 13 2511 .
74 2457 165 2524 rum
181 2442 331 2524 animos
347 2445 539 2550 praeceptis
559 2438 645 2540 suis,
663 2438 803 2524 assidui
819 2443 1033 2552 diligentil,
1057 2465 1105 2524 ao

1 2595 12 2644 r,
75 2550 240 2664 sapienti
262 2551 514 2651 institutione,
532 2552 582 2634 ad
599 2554 791 2654 virtutem,
809 2555 1002 2663 pietatem,-
1021 2571 1107 2636 orne

9 2727 11 2737 ,
73 2666 333 2774 nigenamque
366 2661 581 2746 doctrinam
614 2665 811 2763 formavit,
839 2663 1105 2774 ,compertilsrae

76 2797 182 2858 mum
201 2775 279 2856 est:
307 2777 347 2856 &
378 2773 446 2856 sub
469 2776 535 2856 illo
563 2796 637 2860 tres
666 2775 932 2886 Promagistri,
967 2772 1105 2886 singull

1 2914 6 2951 r
76 2883 231 2970 suarum
249 2882 416 2968 clalsrum
436 2887 615 2969 Praefeui.
673 2893 903 2971 Hasomnes
928 2911 1007 2970 non
1033 2877 1107 2969 nili

74 2995 280 3109 septennio
299 2995 471 3080 emensus
491 2997 543 3078 est
561 2997 687 3082 noster
722 2995 941 3096 Bernatdus,
969 3016 1107 3107 utpote

1 3159 4 3174 ,
80 3108 124 3191 in
142 3109 315 3220 suprema
332 3135 398 3217 per
411 3110 508 3191 duos
529 3108 650 3190 tresve
667 3133 792 3192 annos
819 3123 997 3210 moratus,
1027 3109 1107 3218 qud

1 3314 2 3322 Ν
78 3220 230 3302 felicem
257 3220 392 3319 istam,
422 3247 536 3330 quam
569 3217 863 3329 flagrantissimis
891 3221 994 3324 uotis
1022 3249 1105 3302 am*

1 3417 2 3432 ,
78 3327 217 3433 biisset,
245 3329 399 3430 sortem,
430 3334 581 3413 facilius
610 3338 649 3414 8<
676 3334 813 3414 certius
837 3328 976 3438 absque
995 3329 1106 3414 omni

76 3441 233 3554 repulsae
263 3468 370 3526 metu
388 3441 674 3526 nancisceretur.
723 3447 807 3524 Nec
822 3439 1107 3548 exspectatione

75 3555 144 3639 sua
172 3554 316 3640 excidit
344 3558 515 3665 optimus
550 3551 793 3654 adolescens,
834 3550 1013 3634 allocutus
1049 3554 1106 3652 id,

75 3668 186 3780 quod
213 3668 353 3751 meritis
376 3665 599 3748 debebatur.
659 3670 764 3748 Nam
784 3663 931 3745 solenni
954 3663 1106 3744 olenio*-

78 3781 141 3863 nis
170 3779 248 3879 die,
283 3779 350 3888 qui
378 3775 504 3860 mense
522 3775 641 3882 junio
672 3780 827 3860 ineunte
855 3778 953 3856 circa
987 3772 1103 3856 sollll·

79 3892 182 3977 tium
198 3891 362 3976 aeuivunr
385 3890 553 3987 recurrit,
581 3915 688 3969 anno
712 3898 980 3977 emmelina
1008 3890 1105 4078 Psrau

568 4005 654 4105 Ag
1044 4001 1106 4080 ide
