2684 4476
120 173 124 190 '
209 175 497 268 nonant
547 187 865 264 arenant.
1041 219 1086 284 ι,

2 307 3 356 i
78 315 212 376 nenne.
246 308 455 390 frangebat
474 309 611 376 Domino
629 312 726 392 legato
739 309 883 389 Augustae
896 327 994 376 totum
1007 321 1088 373 Hert.
1136 321 1139 330 ⁴

80 394 174 466 datm,
186 389 334 470 quinque
347 389 513 464 Tragoedias
522 385 661 468 Sophoclis,
680 391 790 467 Aliquot
802 392 954 468 Euripidis:
974 393 1084 468 viginti

81 487 135 530 tres
146 473 290 528 Orationes
301 475 391 526 Dema
415 467 504 540 benis,
513 465 547 526 ab
557 467 622 542 eius
635 465 763 531 adventu
776 467 809 530 in
822 473 994 525 Germaniam
1008 473 1084 530 otio.

82 545 211 608 irislffl.
234 565 319 620 ¹550·
340 567 364 608 u
380 564 445 624 que
455 543 494 604 ad
506 543 571 606 XII.
586 547 698 624 Augusta·
715 565 798 622 155¹·
834 545 965 624 Singulis
979 545 1084 610 diebus

83 625 197 701 legebat
206 624 267 696 bis,
278 625 308 686 bc
318 623 380 686 hoc
391 621 524 687 faciebat
533 638 660 698 quatuor
670 623 904 702 uniuscuiusque
916 623 1083 702 stptimanae

89 699 203 764 diebus.
222 717 352 781 tempore
364 720 438 764 ante
446 699 625 772 meridiano,
635 715 693 764 tres
702 717 754 762 aut
766 719 892 782 quatuor
903 701 1021 780 paginas
1032 710 1083 762 lle·

91 780 174 838 taini
184 780 445 860 interpretabatur:
459 775 665 858 pomeridiano
680 779 1083 857 tempore,ducentos&duo·

93 853 203 930 decem,
215 873 264 918 aot
275 856 425 920 ducentos
439 857 470 920 tt
483 854 628 928 tredecim
641 856 739 920 versus
749 859 935 934 Sophoclisaut
946 861 1084 936 Euript'dit

93 935 259 1014 explicabat.
298 935 444 1014 Reliquis
456 933 553 996 tribus
567 930 751 996 hebdomade
762 935 864 1006 dubus
873 933 1082 1002 transcribebat

91 1011 195 1084 litent,
214 1033 281 1091 quae
295 1031 410 1074 etanta
425 1011 563 1074 Domino
575 1011 671 1088 legato
683 1014 717 1074 in
727 1015 856 1089 Angliam
869 1009 966 1074 misia.
1006 1015 1080 1078 Non

91 1091 240 1154 miramini
254 1089 390 1152 bominis
401 1089 601 1170 diligentiam,
619 1087 800 1163 industriam,
819 1087 958 1164 lindiam,
973 1093 1025 1168 qui
1040 1091 1080 1156 stc

92 1169 244 1232 continuis
266 1167 455 1250 premebatur
467 1167 722 1246 occupationibus¹
741 1167 771 1230 dc
793 1185 892 1228 tamen
915 1171 1009 1228 omnia
1023 1171 1082 1232 ele-

92 1249 198 1324 gantia,
216 1245 364 1310 suavitate
375 1246 492 1309 summa
525 1242 672 1306 rotstabat?
705 1243 800 1318 Quod
814 1247 999 1323 tempusiam
1013 1246 1080 1324 qui·
1153 1279 1156 1288 .

91 1325 144 1398 eti,
159 1325 238 1398 otio,
259 1325 426 1386 unitorum
440 1343 501 1384 eon
551 1321 742 1402 dationibus,
765 1321 926 1388 scribendis
939 1322 971 1382 in
984 1327 1080 1399 Angli-

48 1397 57 1416 *
92 1422 137 1460 att
149 1401 186 1462 ad
198 1399 315 1464 amieos
325 1403 418 1464 literis
430 1401 590 1462 relietum?
618 1399 773 1464 Noi’rurno
785 1417 919 1480 tempore
932 1397 987 1460 hoc
998 1399 1080 1462 sodli·

90 1479 186 1544 tabat:
214 1479 364 1542 nomme
376 1497 519 1557 tempore,
539 1477 633 1542 diario
645 1477 698 1540 suo
711 1500 757 1548 res
772 1477 892 1551 auditas,
912 1477 1010 1551 fatas,
1029 1495 1079 1540 aut

36 1577 39 1584 ·
93 1555 167 1620 visas
180 1556 349 1618 mandabat.
386 1557 415 1617 Si
429 1558 526 1633 aliqua
535 1557 622 1616 vacui
632 1557 772 1636 temporis
786 1556 971 1634 portiuncula
984 1575 999 1616 a
1013 1555 1082 1618 reli·

139 1636 145 1648 .
174 1635 327 1774 negoti-ire1²
322 1635 352 1698 br
363 1631 469 1772 izudtu
480 1631 711 1774 ⁰⁰ff⁶dib²t¹fsg
723 1633 754 1701 id
766 1651 882 1714 tempus
895 1631 1079 1770 lilgentiffime
1122 1687 1125 1695 .

94 1789 200 1864 ...t
217 1728 1082 1882 ⁰..ternanta..ertatemarten:

93 1887 174 1930 nova
195 1865 354 1940 audiendo,
371 1884 471 1930 totum
493 1865 691 1930 consumebat.
729 1867 780 1932 nd
801 1887 904 1928 manus
924 1870 1079 1940 erusvarit
1144 1885 1146 1889 ’

94 1966 176 2008 nova
188 1962 395 2024 pervenerunt,
413 1947 532 2016 Turrita,
550 1943 677 2021 Asterien,
696 1941 837 2020 Africana,
855 1945 996 2082 Papglita,
1015 1951 1080 2002 Ger.

96 2027 220 2098 manica,
235 2019 413 2098 &satiatae
430 2041 494 2101 que
516 2019 637 2102 quidem
646 2023 746 2084 omnia
767 2021 902 2102 diligenti
926 2041 983 2083 rme
996 2037 1079 2082 nota·
1107 2093 1110 2100 ¹

93 2101 171 2162 bat:
190 2098 387 2163 nibilominus
408 2117 505 2162 tamen
528 2099 584 2162 illae
606 2101 719 2173 literae,
737 2118 808 2178 quat
824 2105 951 2167 aJtannt
963 2105 1079 2169 Sternit

95 2179 251 2258 reciperet,
269 2175 440 2258 plemiiimas
462 2177 636 2254 eruditione,
655 2180 805 2255 elegantia,
824 2177 1002 2258 eloquentia,
1021 2175 1078 2238 hu-

95 2259 253 2332 manitate,
273 2258 370 2332 multo
391 2257 502 2331 maiore
524 2255 672 2332 voluptate
695 2255 781 2318 illum
803 2255 1005 2334 perfuderunt.
1042 2253 1079 2315 ln

95 2335 245 2398 omnibus-
257 2334 354 2396 literis
373 2354 390 2394 e
404 2334 559 2396 Genntnit
571 2331 658 2394 miffis
672 2333 707 2392 ad
722 2333 831 2394 amicos
844 2327 1080 2408 cantabrigienses,

93 2409 363 2488 interestnutssle
372 2409 756 2548 vocabatsemperffeeibus
769 2410 852 2472 valde
865 2407 1078 2486 contendebat;
1152 2427 1155 2434 ·

94 2508 127 2552 ut
148 2493 183 2553 in
204 2491 274 2551 e'us
296 2487 434 2562 absentia,
460 2487 587 2568 Collegti
640 2489 683 2551 tvi
695 2493 805 2554 ioannis
818 2489 930 2550 alumni
944 2487 975 2546 in
987 2489 1080 2546 literis

94 2569 202 2632 Grada
263 2563 438 2639 virtutibus,
450 2565 545 2628 indies
565 2564 756 2646 proficerent:
787 2584 821 2626 ut
833 2565 927 2636 bonos
940 2583 1034 2625 mores
1048 2563 1079 2626 dc

94 2649 233 2724 pietatem
247 2665 322 2706 cum
334 2643 465 2706 dollrina
479 2643 652 2706 imbiberent
664 2669 673 2716 ;
692 2660 726 2704 ut
741 2641 876 2702 Oratoris
891 2661 1009 2712 munus,
1027 2661 1081 2700 cu-

99 2725 142 2798 ius
160 2727 213 2786 ille
238 2721 344 2784 absens
369 2719 501 2788 fruiium
523 2719 707 2806 percipiebat,
725 2719 880 2798 diligenter
888 2717 1081 2800 suppleretur.

100 2799 340 2874 Vircrederetie
361 2817 420 2876 quo
435 2796 531 2860 studio
546 2799 574 2860 dt
587 2799 776 2860 contentione
789 2797 845 2858 hoc
859 2793 1028 2878 postulabat,
1048 2795 1080 2854 in
1133 2810 1135 2813 ·

17 2931 23 2947 ,
100 2883 180 2944 ratiis
200 2879 315 2942 litteris
326 2877 456 2956 Anglice
481 2876 607 2956 scriptis,
627 2895 698 2952 quas
720 2873 779 2949 ipse
801 2872 999 2958 humaniffime
1021 2893 1081 2932 am·

2 2971 7 2982 ⁴
99 2960 214 3038 pledor,
235 2957 267 3018 dt
295 2951 434 3024 custodio
458 2949 682 3032 diligentissime.
722 2952 856 3026 Quidem
878 2953 967 3011 ctiam
988 2947 1082 3009 adme

99 3035 332 3106 nnenderunt,
354 3049 390 3094 ut
402 3030 452 3094 has
464 3029 589 3104 ederem,
609 3051 681 3092 cum
693 3029 733 3088 ob
744 3029 914 3094 suavitatem
926 3031 1034 3105 lingua
1049 3028 1082 3086 in

101 3133 155 3190 qua
164 3113 232 3174 sunt
242 3109 375 3252 scripte,
388 3126 453 3198 turn
466 3107 505 3170 ob
516 3107 722 3170 sententiarum
734 3105 926 3185 splendorem,
941 3123 1002 3198 quo
1015 3104 1083 3195 sunt

195 3193 255 3254 'tm
318 3185 445 3266 edqutd
461 3185 544 3248 haec?
573 3185 651 3246 Cum
664 3181 1082 3260 Oenoptnti&HnIae1nItaltae

102 3193 204 3330 m
218 3281 468 3338 commoraretur,
489 3265 622 3342 generale
635 3261 806 3336 Concilium
819 3263 938 3318 Tridtntt'
949 3260 1081 3320 habitum

99 3351 171 3404 llari
178 3347 284 3422 primo,
305 3341 426 3406 visendi
437 3341 590 3404 tenebatur
603 3338 759 3400 desiderio:
781 3356 815 3398 ut
829 3339 891 3398 illic
906 3339 985 3398 illius
999 3357 1087 3415 gene-

97 3427 162 3486 ralis
172 3425 297 3488 Concilii
309 3421 366 3484 &S
383 3421 447 3480 nodi
461 3415 576 3492 statum,
586 3416 765 3490 ordinem&
777 3416 977 3476 mellationem
989 3433 1085 3493 aperte
1132 3427 1133 3430 ’

93 3501 269 3576 disceret&
293 3499 342 3564 stu
368 3496 430 3560 iost
455 3497 615 3558 annotaret.
633 3494 684 3557 sed
704 3515 759 3558 nec
772 3495 905 3565 incultas,
925 3513 978 3552 nec
993 3493 1086 3552 facul-

93 3583 196 3644 tatesei
210 3582 246 3642 ad
261 3579 343 3642 hanc
359 3577 423 3636 re'm
434 3573 629 3653 suppeterent.
649 3569 719 3634 Dici
733 3574 780 3632 vix
796 3569 898 3650 potest,
910 3590 967 3649 qua
981 3569 1088 3629 seduli·

93 3675 154 3734 ute,
172 3663 276 3724 omnia
288 3660 326 3722 in
340 3649 405 3718 illis
416 3653 593 3802 regionikrus
606 3647 713 3802 op3pidt
726 3648 901 3728 perlustrate,
924 3667 984 3726 quo
997 3647 1087 3735 etjam

573 3750 584 3785 c
599 3751 614 3788 2
989 3742 1088 3783 annno
