2612 4450
235 193 312 360 ΓΕ
349 200 819 344 PlSTOLAE.'
993 233 1051 303 ar

489 485 593 574 XIV.

29 624 385 802 mesaspus
409 675 455 758 m
486 663 646 800 carno
681 666 823 786 erere,
861 655 927 764 o
959 661 1058 759 strn-

86 799 285 942 jiriffimo
315 804 513 926 Domino,
552 805 617 898 D.
643 801 859 898 Hilarioni
888 799 1058 934 Cigasae,

96 938 375 1074 misericordia
417 937 575 1037 divina
617 945 757 1035 Nova
805 931 1060 1081 Justinianae

98 1075 424 1213 Archiepiscopo,
448 1070 513 1180 (φ
531 1090 662 1174 totius
680 1083 804 1209 Cypri
824 1080 1022 1176 Primam
1051 1217 1054 1224 Ι

60 1287 367 1457 Reeermdiffime
386 1355 427 1430 in
447 1347 579 1462 christo
599 1348 722 1448 Pater,

144 1457 195 1546 ῥ’
208 1456 444 1574 ssiuflrrffime
465 1461 639 1562 Domine,

70 1590 86 1602 ”
144 1599 272 1682 Uidni
307 1598 354 1681 ad
373 1602 575 1681 Orientem
604 1611 834 1682 convertant
859 1603 990 1686 oculos
1017 1603 1061 1688 in

37 1591 340 1857 rociduo
361 1709 438 1793 sole
462 1712 682 1821 caligantes
710 1714 752 1794 ὃ(
777 1734 843 1793 eos
863 1713 969 1797 locos
993 1741 1062 1827 pe·

178 1841 274 1920 tant,
302 1849 396 1933 quos
425 1824 598 1904 homines
625 1823 810 1934 imprimis
832 1821 1063 1912 habitabant

40 1935 202 2048 ingenio
218 1938 259 2015 8<
278 1932 465 2043 sapientia
481 1933 674 2018 illustres?
713 1937 845 2017 Patere
864 1934 985 2046 igitur
1002 1940 1062 2052 ig-

41 2068 190 2145 notum,
227 2051 266 2129 8<
291 2049 370 2127 alio
405 2047 517 2157 plane
539 2044 646 2150 orbe,
685 2048 891 2148 Britannia,
929 2051 1061 2134 oriun-

38 2159 159 2259 dum,
203 2161 324 2240 lucem
361 2157 613 2267 investigare,
652 2159 692 2238 &
723 2159 897 2268 regiones
924 2164 1063 2249 nativo

38 2269 242 2382 splendore
265 2269 559 2353 inclarescentes.
631 2272 807 2378 Cyprum
838 2276 973 2384 appuli
1006 2273 1064 2360 ob

40 2385 96 2466 tui
124 2383 265 2493 potius,
296 2409 408 2492 quam
425 2379 567 2481 lnsulae,
594 2380 748 2482 famam,
773 2409 887 2494 quem
903 2383 1064 2471 abscon-

39 2496 163 2578 ditum
187 2519 274 2576 curn
297 2490 571 2591 intellexissem,
599 2495 703 2576 claro
724 2493 815 2576 licet
833 2495 909 2596 die,
938 2495 1063 2580 versa·

41 2607 111 2691 bar
130 2609 173 2689 in
195 2603 371 2688 tenebris.
428 2608 493 2689 Tu
523 2606 628 2688 enirn
657 2602 754 2690 solus
771 2606 937 2717 dirigere
960 2613 1065 2695 vales

42 2738 231 2801 errantem
246 2721 434 2800 calamum
451 2757 465 2825 3
492 2736 532 2799 tu
550 2715 651 2798 solus
671 2715 870 2801 restaurare
888 2717 1066 2830 deperdi-

42 2853 100 2914 tas
119 2831 395 2939 antiquitates,
429 2852 469 2911 tu
495 2827 594 2911 solus
623 2835 665 2911 δι
693 2829 866 2940 detegere
890 2835 932 2914 8<
949 2835 1068 2917 inter·

44 2945 185 3052 pretati
222 2943 418 3023 recondita
446 2943 657 3038 volumina,
699 2943 903 3024 recondita
932 2949 1068 3055 procul

43 3055 168 3138 dubio
186 3053 412 3136 eruditionis
433 3049 655 3163 plenisstma.
714 3054 772 3134 Ad
790 3075 826 3134 te
841 3056 959 3164 igitur
973 3086 1067 3141 con-

43 3169 167 3280 fugio,
195 3167 461 3274 cumprimum
479 3163 682 3264 emerseris,
709 3166 1067 3274 (quodfaxitDeus

46 3305 161 3390 quam
192 3275 398 3388 citissime)
425 3293 467 3358 ut
492 3275 621 3374 libros,
647 3297 850 3389 caeteraque
882 3285 1071 3365 Oecume·

46 3396 138 3474 nieae
154 3410 226 3470 tuae
247 3387 518 3499 jurisdisiionis
546 3410 822 3489 monumenta,
850 3415 983 3474 eorum
1001 3392 1070 3474 sal·

43 3524 121 3586 tem
153 3502 340 3584 notitiam
370 3501 554 3610 impertiri
584 3499 681 3581 mihi
715 3499 937 3610 dignareris.
996 3509 1071 3587 Ex·

45 3613 165 3726 pensa
209 3617 341 3695 omnia
386 3615 661 3724 qualiacunque
701 3611 875 3722 spondeo
898 3612 995 3697 Tibi
1024 3641 1072 3699 ex

45 3753 159 3836 aequo
178 3723 377 3822 solvenda,
406 3723 509 3836 (quae
534 3752 622 3806 tneo
639 3725 796 3806 nomine
817 3721 937 3807 solvet
957 3731 1075 3811 Fran·

46 3843 162 3924 ciscus
191 3841 342 3936 March,
372 3842 548 3920 Larnacae
574 3835 702 3918 adhuc
720 3863 846 3945 agens,
872 3842 912 3919 ὃ(
941 3866 990 3920 eo
1010 3837 1076 3922 ab·

47 3951 164 4052 lente,
201 3951 352 4033 illustris
387 3953 602 4060 Anglorum
637 3947 815 4054 Consul)
853 3955 891 4031 8<
924 3948 1076 4059 insuper

541 4063 575 4140 C
607 4088 627 4165 3
893 4063 1075 4146 maximas
