2646 4448
151 157 960 286 D.JE.BERNARDIV1=TA.
1003 209 1059 309 ¹3

100 329 512 432 Reversusoxonitu'n
526 354 576 412 ex
593 326 986 432 iuneeflorrandicq
1011 362 1066 420 eo

48 443 270 558 jucundiori
289 439 441 542 habito,
463 440 570 550 ,quod
582 465 670 523 eum
686 438 896 528 clarissimis
916 447 1068 530 Profes-

51 556 202 648 foribus
217 551 814 661 AcademiaeLugdunoBatavae,
839 553 997 664 aliisque
1005 586 1068 642 co·

49 667 226 758 sobrioris
248 668 373 767 sama,
406 671 449 749 8<
465 661 577 776 supra
608 667 747 774 vulgus
774 665 891 774 longe
914 672 1066 775 eredis,

50 782 261 868 amicitiam
278 774 532 876 contraxisset,
552 776 738 860 candidos
750 781 1069 886 gentisBatauicae

50 920 176 980 mores
201 921 283 979 non
308 889 386 975 fine
410 888 777 999 summa-voluptate
808 913 999 998 expertus,¹
1025 913 1071 986 ac

53 1007 147 1093 inde
175 1005 251 1092 hac
273 1003 377 1116 quasi
402 1002 509 1114 quasi
538 996 746 1084 studiorum
776 999 1070 1106 intermissione,

55 1145 165 1203 novo
182 1119 317 1229 vigore
343 1112 547 1212 animatus,
582 1112 989 1224 forulos-intimosque
1013 1121 1075 1200 Bi·

56 1230 262 1330 bliothecae
291 1226 506 1312 Bodleianae
525 1221 680 1308 recessus
700 1225 944 1333 diligentiore
967 1228 1076 1313 inda·

54 1345 146 1454 gine
163 1362 337 1425 excutere
356 1344 396 1422 8<
416 1341 627 1447 explorare,
654 1335 879 1445 codicesque
897 1340 997 1423 MSS.
1016 1365 1077 1424 ra,

56 1454 170 1540 rioris
186 1473 297 1553 notae,
320 1453 364 1534 ,ὃς
389 1451 521 1559 magni
549 1450 588 1530 in
613 1476 656 1531 re
685 1449 847 1532 literaria
863 1448 1076 1550 illustranda

58 1564 160 1664 usus,
190 1563 466 1672 penetrantiori
496 1564 614 1642 oculo
645 1563 819 1660 collatos,
858 1565 1079 1663 examinare

61 1675 168 1788 quasi
182 1679 229 1758 de
249 1700 355 1758 novo
370 1673 542 1770 instituit,
570 1694 650 1753 tum
668 1671 776 1754 insui
797 1669 921 1781 ipsius,
941 1695 1022 1759 tum
1035 1679 1079 1760 in

63 1790 290 1874 Amicorum
320 1787 507 1895 gratiam:
546 1784 904 1894 quorumptetibus
941 1787 1084 1896 seper·

61 1901 216 2002 facilem
235 1902 281 1982 dt
298 1894 579 2005 perbenignum
601 1895 770 2004 praebuit,
798 1901 902 1978 nulla
923 1897 1001 1981 sere
1015 1921 1083 1984 aut

62 2010 247 2122 temporis
265 2005 425 2114 impens1
443 2029 509 2096 aot
527 2004 666 2090 laboris
692 2005 827 2092 habiri
845 2009 1005 2109 ratione,
1039 2034 1085 2096 ut

66 2127 224 2206 illorum
243 2119 372 2204 studiis
408 2120 670 2229 opitularetur.
733 2124 819 2220 Hoc
834 2140 963 2202 autem
986 2124 1086 2208 mihi

68 2233 237 2321 maxine
267 2231 425 2328 constat,
464 2233 611 2339 aliquos
647 2231 668 2311 e
700 2229 940 2332 nostratibus,
973 2234 1087 2342 ipsius

68 2347 189 2455 operi
207 2344 372 2454 adjutos,
400 2339 581 2450 infigncm
599 2369 647 2424 ex
663 2341 899 2426 editionibus
917 2368 1087 2429 vetemm

68 2458 308 2552 Antidotum,
328 2452 354 2532 sr
374 2480 453 2562 quae
467 2453 536 2535 sint
555 2455 709 2564 integrae
721 2459 765 2536 dt
782 2456 1002 2554 emendatae,
1021 2457 1088 2542 sibi

69 2569 225 2652 laudem
243 2561 529 2673 comparavisse,
549 2567 589 2646 in
614 2570 720 2678 cujus
741 2594 917 2678 magnam
940 2589 1089 2676 partem

70 2685 138 2762 ille
157 2701 237 2763 erat
257 2681 335 2788 jure
353 2676 620 2759 admittendus.
677 2675 738 2760 Ab
767 2681 845 2760 hoc
871 2679 976 2760 eninr
996 2701 1091 2766 tem-

73 2817 170 2906 pore
197 2793 379 2874 mianima
393 2791 471 2870 haec
490 2788 537 2869 de
562 2784 673 2896 ipsius
690 2791 915 2899 ingenim&
934 2791 1092 2899 judici0,

73 2910 123 2994 ex
155 2900 235 2999 usu,
271 2903 408 2984 mentis
428 2901 652 2998 attentione,
682 2901 992 3012 quotidianisque
1020 2905 1093 2987 siu-

74 3016 150 3120 diis
167 3013 280 3096 aus'ro
309 3017 351 3103 δι
369 3010 687 3094 consummatiore
708 3013 870 3116 reddito
906 3013 1094 3100 insederat

75 3131 254 3221 omnium
271 3125 408 3208 animis
429 3125 578 3232 opinio,
606 3145 646 3206 ut
672 3126 739 3205 vix
770 3125 957 3235 quispiam
981 3129 1093 3237 hujus

76 3240 279 3330 literatura
299 3233 499 3318 *etenebris
517 3255 644 3326 erutus
664 3233 758 3318 liber
773 3239 988 3347 priusnovd
1013 3244 1096 3322 luoe

77 3348 149 3436 hic
170 3353 272 3460 apud
299 3375 369 3433 nos
387 3351 607 3447 donaretur,
635 3376 748 3460 quam
768 3349 880 3457 ipsius¹
901 3350 1095 3442 confilium

78 3461 381 3569 sententiamque
406 3457 608 3569 rogiss'ent,
647 3488 848 3570 opemque,
891 3488 938 3544 ex
958 3459 1097 3544 biblio·

77 3575 190 3666 theri
208 3572 406 3656 Bodleiani
422 3571 754 3679 suppeditandum,
783 3599 897 3681 quam
911 3599 982 3684 pro
993 3600 1098 3683 egro.

79 3688 144 3808 git
163 3685 306 3782 indolis
323 3684 394 3776 sue
420 3683 608 3781 bonitate,
639 3711 705 3791 per
729 3688 847 3778 totius
863 3687 948 3767 virae
966 3683 1097 3770 suturae

79 3799 323 3894 curricuium,
367 3798 511 3878 nemini
549 3795 736 3904 denegare
765 3817 831 3880 aut
858 3815 1005 3905 poterat
1032 3816 1100 3880 aut

80 3909 254 4028 uoiebnt,
282 3929 430 4020 autore
458 3931 564 3994 tenus
583 3931 647 3995 aut
679 3911 796 3994 literis
833 3907 1100 4025 impiordssena

1035 4023 1098 4134 De.
