2644 4466
270 259 322 333 94
367 227 577 311 nocant
599 223 847 306 nocnerit
870 206 1186 302 retamenta.

267 347 347 446 sunt.
385 351 501 428 Vides,
530 367 566 412 ut
587 345 945 485 pretet-eppeffationetu
968 341 1099 432 alaripior
1118 343 1158 408 in
1181 342 1258 408 lon·
1320 425 1321 436 ἵ

269 429 412 514 gtffimam
432 429 717 495 confabulationem
749 421 963 487 edmhtllacro
983 419 1135 512 laheutrue,
1157 439 1257 511 quam

269 525 369 575 tecum
377 509 492 585 loquor.
523 507 683 567 Talaioniae
692 521 753 566 non
761 502 830 570 sam
840 521 889 566 me
897 501 965 581 plus
973 497 1105 562 scobere.
1143 495 1256 566 suto·

269 582 440 670 longiffine.
459 585 536 654 XIII.
556 586 627 646 Febr.

582 821 787 898 EPIST.
819 817 917 896 XXI.

548 951 904 1013 tuuusratsstua
934 950 969 1006 o.

486 1063 1030 1166 Entzroutuaa.
1104 1037 1210 1173 -J

352 1261 383 1324 D
403 1277 433 1326 te
446 1261 580 1336 scribere,
599 1257 780 1322 illustrissima
806 1253 1134 1334 ELIZABETHA,
1153 1251 1256 1336 magi!

374 1361 410 1401 ne
421 1339 724 1418 absterreretdignitas
734 1337 982 1410 tua,anlnvitaret
992 1337 1256 1400 bonitasmultum

272 1419 386 1496 diuque
412 1417 555 1480 dubitavi.
604 1418 647 1476 At
672 1436 744 1478 cum
770 1415 951 1492 cogitatione
976 1416 1147 1496 complexus
1170 1412 1256 1488 sum,

269 1515 377 1576 quanta
400 1517 447 1558 me
472 1493 501 1558 δι
525 1491 670 1556 absentem
692 1495 842 1564 memoria,
863 1491 891 1552 δι
915 1482 1083 1570 praeferrem
1103 1489 1180 1570 saepe
1194 1489 1256 1551 hu-

270 1577 410 1636 manitate
424 1571 648 1652 prosequutus,
666 1570 756 1631 malui
769 1587 847 1630 certe
867 1571 1060 1642 committere,
1079 1583 1114 1629 ut
1134 1571 1256 1646 impor,

270 1653 407 1712 tunicatis
421 1652 522 1730 potius
534 1651 567 1710 in
582 1647 733 1710 scribendo
745 1648 904 1719 accusarer,
924 1667 1013 1725 quam
1036 1645 1256 1708 taciturnitatis

271 1731 362 1790 ullius
375 1730 517 1806 ingratae,
537 1728 569 1788 in
588 1725 741 1788 scribendo
761 1727 958 1788 convinceres.
979 1725 1137 1787 &facilius
1151 1721 1256 1800 patrus

269 1805 338 1868 sum
353 1826 452 1868 meum
465 1806 592 1866 nimium
605 1803 774 1884 reprehendi
788 1801 938 1875 officium,
980 1823 1050 1863 uam
1073 1821 1177 1864 meum
1202 1803 1255 1863 in·

271 1902 391 1964 gratum
404 1885 515 1976 culpari
527 1881 675 1944 silentium
690 1908 696 1941 :
718 1902 785 1942 cum
799 1879 951 1942 certilhme
961 1821 1157 1956 iciamlitems
1167 1899 1254 1942 meas

271 1961 464 2042 amplitudini
486 1978 544 2022 tuae
564 1954 694 2022 molestas
707 1957 761 2020 elle
782 1980 843 2019 non
857 1956 942 2040 polle.
981 1961 1097 2021 Etcum
1110 1958 1187 2019 mihi
1202 1959 1255 2020 in-

206 2040 208 2052 ’
270 2039 355 2102 linita
366 2039 519 2118 suppetant
531 2038 566 2100 ad
579 2056 608 2098 te
623 2037 768 2100 scribendi
781 2053 969 2114 argumenta,
988 2037 1063 2098 nihil
1080 2053 1179 2098 tamen
1202 2037 1254 2098 lu·

270 2119 390 2178 bentius
415 2117 514 2189 facio,
545 2136 633 2196 quam
648 2116 778 2192 gratulor
807 2116 885 2188 tibi,
917 2113 995 2192 quod
1015 2132 1094 2176 tanta
1115 2114 1254 2176 fortuna

270 2211 438 2271 naturaeque
452 2211 627 2270 ornamenta,
647 2196 734 2264 tantis
746 2195 897 2254 literatum
916 2192 1053 2272 praesidiis
1067 2191 1173 2256 indies
1186 2211 1256 2253 ma.

271 2273 318 2354 gis
332 2292 363 2332 ac
376 2273 469 2348 magis
482 2269 612 2334 illustras,
634 2292 668 2334 ex
688 2291 744 2348 qua
764 2291 794 2332 re
810 2273 939 2346 majorne
964 2273 1019 2334 tibi
1035 2271 1087 2350 ipsi
1097 2271 1132 2331 ad
1145 2291 1254 2332 vet-am

271 2351 394 2426 gloriam
416 2349 489 2411 faeta
501 2349 534 2415 stt
546 2346 671 2422 accessio,
701 2371 736 2409 an
750 2345 888 2410 illustrior
908 2349 1021 2426 ingenii
1034 2345 1253 2428 industriaeque

271 2445 330 2488 ruae
343 2429 375 2488 in
386 2425 519 2488 sermone
538 2429 673 2488 omnium
687 2428 810 2488 excitata
823 2427 1058 2500 commendatio,
1075 2425 1207 2506 dubium
1220 2427 1254 2490 Sc

270 2507 417 2568 incertum
428 2503 476 2567 cll.
503 2505 539 2566 Et
549 2505 682 2583 quamvis
695 2503 750 2570 hoc
764 2503 929 2566 institutum
942 2521 1038 2578 tuum,
1051 2505 1081 2565 in
1095 2503 1254 2582 jungenda

270 2586 404 2662 preclara
417 2581 548 2644 dutitina
560 2604 628 2644 cum
642 2582 753 2647 summa
765 2583 906 2660 dignitate
918 2599 976 2656 tua,
1001 2603 1035 2642 ex
1050 2585 1170 2639 Platonis
1189 2579 1255 2644 dis·

269 2661 379 2738 ciplina
390 2657 524 2722 affluxitle
536 2679 616 2722 cetto
625 2661 757 2720 noverim
769 2686 775 2720 :
795 2679 890 2720 tamen
901 2680 958 2720 non
971 2659 1086 2732 dubito,
1093 2660 1169 2738 quin
1179 2663 1255 2740 plu·

270 2738 381 2799 rimum
391 2756 440 2798 tua
452 2739 592 2819 sponte&
607 2735 748 2816 praestanti
762 2738 874 2812 iudicio
884 2735 1058 2817 susceptum,
1067 2737 1201 2798 multum
1213 2759 1254 2809 ex

270 2814 499 2898 pitellantilhmae
512 2817 627 2878 feminae
638 2815 677 2876 D.
688 2816 910 2890 champernannae
928 2817 1055 2878 consiliis
1068 2815 1253 2894 profestum,

271 2892 407 2953 nonnihil
417 2895 504 2953 etiam
511 2895 638 2950 Gulielml
646 2896 779 2950 Grinololli
790 2895 848 2954 mei
859 2893 979 2974 optimis
993 2893 1152 2972 praeceptis¹
1160 2893 1256 2970 adju.

271 2985 336 3036 tum
347 2971 375 3032 ἃ
388 2985 558 3049 promotum
568 2968 622 3031 elle
635 2990 701 3030 vere
711 2969 922 3033 affirmaverim.
941 2973 1082 3051 Legimus
1083 2989 1253 3110 pmcne,

270 3048 302 3108 δι
316 3065 382 3109 ante
394 3050 511 3106 Platonis
522 3067 663 3126 tempora,
676 3049 704 3108 δι
718 3050 749 3108 in
760 3049 836 3110 veris
846 3047 980 3121 historiis,
996 3049 1024 3110 δι
1039 3053 1071 3110 in
1105 3049 1160 3111 etis
1173 3071 1256 3130 poe-

271 3128 373 3186 matis:
394 3145 411 3184 o
434 3127 542 3186 timum
564 3144 709 3203 quemque
731 3126 843 3208 semper
868 3129 1041 3206 principem,
1065 3125 1256 3209 prudentem

271 3205 396 3279 aliquem
409 3143 626 3282 ihilosophum,
645 3204 694 3264 sobi
708 3203 743 3264 ad
755 3225 843 3266 omne
856 3207 924 3266 vitae
941 3206 1093 3266 confilium
1107 3205 1256 3270 adhibere

270 3279 370 3345 solere.
410 3281 458 3340 Sic
475 3285 568 3346 Jevem
581 3281 747 3356 Prometheo,
766 3286 795 3346 δι
817 3290 1031 3358 Agamemnonem
1042 3285 1141 3362 Nassere
1153 3283 1251 3348 usum

270 3355 325 3426 tile
334 3357 450 3436 fingunt
462 3359 567 3420 Poetae.
606 3359 653 3420 Sic
668 3365 801 3418 Hieronem
811 3363 975 3433 Simonidem,
994 3365 1117 3420 Periclem
1128 3367 1254 3420 Anaxa.

265 3457 373 3512 goram,
393 3436 443 3496 sibi
456 3435 614 3510 adjunrille
629 3437 747 3497 tradunt
772 3436 910 3499 historici.
930 3459 965 3498 ex
979 3439 1087 3514 quibus
1100 3437 1253 3502 docemur

270 3513 327 3573 five
339 3515 480 3590 preclaris
498 3514 580 3573 fallis
605 3513 881 3594 praeclarillimorum
900 3518 1078 3596 principum,
1102 3515 1160 3578 sive
1173 3537 1253 3594 pru-

270 3589 572 3654 dentiihmisconliliis
591 3590 876 3670 prudentissimorum
895 3593 1145 3672 philosophorum,
1165 3595 1251 3658 nihil

270 3671 417 3750 antiquius
431 3667 485 3731 elle
498 3669 611 3744 debere,
637 3690 724 3748 quam
737 3689 771 3734 ut
783 3670 894 3742 summa
907 3670 1030 3752 potestas
1044 3693 1114 3735 cum
1125 3673 1249 3815 sumpta

1212 3771 1250 3813 0·
