2612 4450
296 87 764 228 EPTI'SJOEE
797 86 918 186 AE.'
1025 123 1097 222 ¹29

63 266 129 346 lus
156 261 338 348 meursio
367 256 513 344 aedibus
543 249 782 370 iufigniffimi
797 252 1101 368 *Consulia'reli—

63 376 161 488 quit,
187 369 686 500 auspicatbtransmittere,=
751 430 755 436 ·

188 703 190 708 ι
233 649 235 656 1
290 661 296 676 ..
422 621 437 667 ².
486 631 488 636 ·
644 579 1097 706 Virornmoptimeffffsfi‘

105 781 503 945 {fflfflffi'
523 843 545 884 ρ
693 790 780 880 ,Tur
796 783 1068 926 gliriffiffmopf
1086 833 1098 880 ,ν

107 941 482 1016 rern.insalutrmm,num
546 986 587 1009 ..

108 1015 491 1179 papparoman-
541 1061 543 1068 >

544 1469 634 1549 xx.
899 1567 902 1572 p

402 1641 443 1737 Ε
481 1640 593 1734 11>
631 1641 783 1740 aut·

82 1964 84 1968 .
127 1891 343 1980 Reverendo
361 1891 489 1992 Pater,
1078 1955 1082 1962 -

77 2035 155 2238 Sl
176 2032 300 2117 modo
316 2033 536 2144 appulerint
552 2033 681 2134 litetae,
710 2060 804 2146 quas
821 2034 1095 2140 velafaiturus‚

73 2179 86 2230 l

164 2147 207 2228 in
223 2145 324 2229 ostio
342 2146 439 2244 Nili,
460 2147 686 2228 Paternitati
705 2167 777 2228 tuae
796 2145 1018 2256 scripserim,
1034 2150 1101 2232 de-

66 2256 284 2356 monstrare
316 2276 497 2368 poterant
526 2258 646 2340 animi
669 2284 749 2340 non
776 2260 920 2370 ingrati
947 2260 1101 2370 prorsus

64 2395 196 2482 neque
210 2365 426 2453 turbulenti
446 2367 612 2479 vestigia.
672 2371 721 2452 Iis
740 2365 918 2481 siquidem
940 2377 980 2454 8(
997 2361 1101 2456 festi-

65 2501 192 2565 nante
230 2485 379 2566 calamo
402 2487 443 2564 8(
477 2477 599 2563 effuso
626 2483 667 2562 in
699 2487 906 2592 gratiarum
933 2485 1101 2568 artiones

65 2591 222 2705 spiritu,
249 2597 290 2677 8(
319 2615 433 2676 temet
464 2597 650 2675 allocutus
677 2591 773 2694 sum,
812 2601 853 2680 8(
873 2595 1109 2708 generosum

67 2732 202 2789 memn
219 2705 435 2819 Hospitem,
451 2706 740 2818 integerrimum
756 2707 908 2808 Virum,
930 2709 979 2790 D.
993 2709 1100 2793 Con-

70 2815 192 2904 sulem
212 2823 398 2927 Rynaut:
427 2821 488 2900 cui
513 2817 540 2898 sr
562 2815 737 2900 sermone
756 2840 824 2903 tuo
843 2822 1007 2929 proprio
1024 2824 1101 2906 ele·

95 2933 205 3032 anti,
226 2935 266 3014 8(
282 2933 374 3042 apte
390 2927 657 3040 fignificativ0,
684 2928 865 3043 obsequia
878 2953 960 3017 mea
978 2935 1018 3016 8(
1033 2935 1100 3017 de-

65 2958 214 3126 bitam.
231 3065 344 3128 tanto
373 3046 512 3125 Amico
534 3040 819 3126 observantiam
852 3043 956 3127 effari
987 3045 1101 3131 fueris

63 3157 268 3267 dignatus,
295 3155 391 3238 illud
406 3155 608 3238 recensebo
624 3157 723 3237 inter
738 3157 1100 3266 caeterabenignita-

65 3269 121 3352 tis
143 3289 213 3352 trrae
225 3265 365 3372 officia,
389 3266 528 3378 quibus
547 3285 670 3351 tecum
693 3267 957 3352 conversantes
977 3270 1100 3355 indies

65 3383 310 3488 promereris.
371 3377 553 3491 Agnosco
574 3399 752 3489 pacatam
772 3383 815 3464 in
843 3380 1100 3492 opposrtioni-

63 3494 143 3578 bus
182 3495 258 3576 tuis
287 3497 328 3574 8(
360 3495 511 3575 nomini
549 3513 619 3574 tuo
655 3519 866 3604 congruam
902 3514 1100 3577 mentem:

61 3603 355 3716 ideoquefiqui
367 3626 545 3688 accentus
556 3604 654 3715 justo
665 3608 981 3700 vehementiores,
992 3612 1098 3719 quod

61 3719 230 3804 solitum
255 3719 382 3818 nimis,
422 3718 633 3800 exciderint
652 3720 750 3802 milri
776 3721 989 3830 replicanti,
1028 3747 1099 3831 pro

60 3830 323 3934 eximatur,
367 3857 440 3942 qua
467 3831 622 3940 polles,
667 3832 910 3917 humanitate
940 3859 1100 4026 prepor,

245 3979 247 3984 ¹
910 3971 1004 4058 rgno
1023 3971 1093 4028 eas.
