<?xml version="1.0" encoding="UTF-8"?>
<!DOCTYPE html PUBLIC "-//W3C//DTD XHTML 1.0 Transitional//EN"
    "http://www.w3.org/TR/xhtml1/DTD/xhtml1-transitional.dtd">
<html xmlns="http://www.w3.org/1999/xhtml" xml:lang="en" lang="en">
 <head>
  <title>
</title>
<meta http-equiv="Content-Type" content="text/html;charset=utf-8" />
  <meta name='ocr-system' content='tesseract 3.04.00' />
  <meta name='ocr-capabilities' content='ocr_page ocr_carea ocr_par ocr_line ocrx_word'/>
</head>
<body>
  <div class='ocr_page' id='page_1' title='image "./rogeriaschamiep00sturgoog_0752.png"; bbox 0 0 2646 4448; ppageno 0'>
   <div class='ocr_carea' id='block_1_1' title="bbox 216 94 1114 222">
    <p class='ocr_par' dir='ltr' id='par_1_1' title="bbox 216 94 1114 222">
     <span class='ocr_line' id='line_1_1' title="bbox 216 94 1114 222; baseline -0.009 -14"><span class='ocrx_word' id='word_1_1' title='bbox 216 106 284 208; x_wconf 80' lang='lat'>80</span> <span class='ocrx_word' id='word_1_2' title='bbox 372 109 434 204; x_wconf 90' lang='lat' dir='ltr'>D.</span> <span class='ocrx_word' id='word_1_3' title='bbox 461 94 1114 222; x_wconf 65' lang='lat' dir='ltr'><em>RHUNTINGTONI</em></span> 
     </span>
    </p>
   </div>
   <div class='ocr_carea' id='block_1_2' title="bbox 109 265 1301 2175">
    <p class='ocr_par' dir='ltr' id='par_1_2' title="bbox 109 265 1301 2175">
     <span class='ocr_line' id='line_1_2' title="bbox 213 265 1236 382; baseline -0.003 -27"><span class='ocrx_word' id='word_1_4' title='bbox 213 271 370 382; x_wconf 87' lang='lat' dir='ltr'>stianus,</span> <span class='ocrx_word' id='word_1_5' title='bbox 398 271 467 382; x_wconf 91' lang='lat' dir='ltr'>qui</span> <span class='ocrx_word' id='word_1_6' title='bbox 486 267 671 352; x_wconf 85' lang='lat' dir='ltr'>morienti</span> <span class='ocrx_word' id='word_1_7' title='bbox 688 268 838 368; x_wconf 79' lang='lat' dir='ltr'>adfuit,¹</span> <span class='ocrx_word' id='word_1_8' title='bbox 856 270 898 354; x_wconf 74' lang='lat'>8&lt;</span> <span class='ocrx_word' id='word_1_9' title='bbox 921 288 1119 354; x_wconf 76' lang='lat' dir='ltr'>morturani</span> <span class='ocrx_word' id='word_1_10' title='bbox 1143 265 1236 382; x_wconf 84' lang='lat' dir='ltr'>sepe·</span> 
     </span>
     <span class='ocr_line' id='line_1_3' title="bbox 214 379 1301 496; baseline -0.004 -28"><span class='ocrx_word' id='word_1_11' title='bbox 214 385 316 469; x_wconf 87' lang='lat' dir='ltr'>livit.</span> <span class='ocrx_word' id='word_1_12' title='bbox 371 379 756 465; x_wconf 86' lang='lat' dir='ltr'>Christianumhunc</span> <span class='ocrx_word' id='word_1_13' title='bbox 774 385 869 464; x_wconf 85' lang='lat' dir='ltr'>Amr</span> <span class='ocrx_word' id='word_1_14' title='bbox 895 383 1011 465; x_wconf 85' lang='lat' dir='ltr'>Khan</span> <span class='ocrx_word' id='word_1_15' title='bbox 1030 385 1236 496; x_wconf 85' lang='lat' dir='ltr'>appellant,</span> <span class='ocrx_word' id='word_1_16' title='bbox 1300 389 1301 408; x_wconf 58' lang='lat'>¹</span> 
     </span>
     <span class='ocr_line' id='line_1_4' title="bbox 179 490 1237 606; baseline -0.003 -28"><span class='ocrx_word' id='word_1_17' title='bbox 179 559 184 566; x_wconf 80' lang='grc'>.</span> <span class='ocrx_word' id='word_1_18' title='bbox 214 493 257 578; x_wconf 78' lang='grc'>8(</span> <span class='ocrx_word' id='word_1_19' title='bbox 273 491 433 580; x_wconf 86' lang='lat' dir='ltr'>muitum</span> <span class='ocrx_word' id='word_1_20' title='bbox 456 492 652 577; x_wconf 86' lang='lat' dir='ltr'><strong>infelicem</strong></span> <span class='ocrx_word' id='word_1_21' title='bbox 672 493 781 577; x_wconf 87' lang='lat' dir='ltr'><strong>illum</strong></span> <span class='ocrx_word' id='word_1_22' title='bbox 799 490 987 602; x_wconf 86' lang='lat' dir='ltr'>Juvenem</span> <span class='ocrx_word' id='word_1_23' title='bbox 1002 493 1237 606; x_wconf 75' lang='lat' dir='ltr'>depraedicat.-</span> 
     </span>
     <span class='ocr_line' id='line_1_5' title="bbox 214 603 1231 717; baseline 0 -27"><span class='ocrx_word' id='word_1_24' title='bbox 214 603 380 712; x_wconf 83' lang='lat' dir='ltr'><strong>Quaefivi</strong></span> <span class='ocrx_word' id='word_1_25' title='bbox 405 605 454 691; x_wconf 90' lang='lat' dir='ltr'>de</span> <span class='ocrx_word' id='word_1_26' title='bbox 479 608 559 716; x_wconf 81' lang='lat' dir='ltr'>ejus</span> <span class='ocrx_word' id='word_1_27' title='bbox 580 607 753 716; x_wconf 77' lang='lat' dir='ltr'>pecunii,</span> <span class='ocrx_word' id='word_1_28' title='bbox 786 603 937 706; x_wconf 85' lang='lat' dir='ltr'>litteris,</span> <span class='ocrx_word' id='word_1_29' title='bbox 974 604 1196 717; x_wconf 74' lang='lat' dir='ltr'>supeiieitiie</span> <span class='ocrx_word' id='word_1_30' title='bbox 1217 647 1231 715; x_wconf 82' lang='lat'>3</span> 
     </span>
     <span class='ocr_line' id='line_1_6' title="bbox 215 715 1226 828; baseline -0.002 -28"><span class='ocrx_word' id='word_1_31' title='bbox 215 715 413 828; x_wconf 86' lang='lat' dir='ltr'>respondit</span> <span class='ocrx_word' id='word_1_32' title='bbox 446 717 574 803; x_wconf 76' lang='lat' dir='ltr'>reliiia</span> <span class='ocrx_word' id='word_1_33' title='bbox 604 719 738 800; x_wconf 87' lang='lat' dir='ltr'>omnia</span> <span class='ocrx_word' id='word_1_34' title='bbox 761 719 863 828; x_wconf 89' lang='lat' dir='ltr'>apud</span> <span class='ocrx_word' id='word_1_35' title='bbox 883 717 1035 802; x_wconf 85' lang='lat' dir='ltr'>servum</span> <span class='ocrx_word' id='word_1_36' title='bbox 1060 724 1148 828; x_wconf 86' lang='lat' dir='ltr'>ejus,</span> <span class='ocrx_word' id='word_1_37' title='bbox 1176 720 1226 799; x_wconf 85' lang='lat' dir='ltr'>vi-</span> 
     </span>
     <span class='ocr_line' id='line_1_7' title="bbox 215 831 1226 944; baseline 0 -30"><span class='ocrx_word' id='word_1_38' title='bbox 215 857 302 922; x_wconf 86' lang='lat' dir='ltr'>rum</span> <span class='ocrx_word' id='word_1_39' title='bbox 320 836 548 930; x_wconf 86' lang='lat' dir='ltr'>Armenurn‚</span> <span class='ocrx_word' id='word_1_40' title='bbox 587 855 703 939; x_wconf 84' lang='lat' dir='ltr'>quern</span> <span class='ocrx_word' id='word_1_41' title='bbox 725 857 806 912; x_wconf 91' lang='lat' dir='ltr'>non</span> <span class='ocrx_word' id='word_1_42' title='bbox 833 831 915 913; x_wconf 88' lang='lat' dir='ltr'>alio</span> <span class='ocrx_word' id='word_1_43' title='bbox 936 833 1103 914; x_wconf 85' lang='lat' dir='ltr'>nornine</span> <span class='ocrx_word' id='word_1_44' title='bbox 1131 857 1226 944; x_wconf 84' lang='lat' dir='ltr'>quarn</span> 
     </span>
     <span class='ocr_line' id='line_1_8' title="bbox 217 938 1229 1047; baseline 0 -21"><span class='ocrx_word' id='word_1_45' title='bbox 217 941 396 1028; x_wconf 85' lang='lat' dir='ltr'>Mokdost</span> <span class='ocrx_word' id='word_1_46' title='bbox 423 938 657 1026; x_wconf 87' lang='lat' dir='ltr'>vocitabant.</span> <span class='ocrx_word' id='word_1_47' title='bbox 715 945 802 1047; x_wconf 78' lang='lat' dir='ltr'>Qui</span> <span class='ocrx_word' id='word_1_48' title='bbox 830 938 905 1024; x_wconf 90' lang='lat' dir='ltr'>fide</span> <span class='ocrx_word' id='word_1_49' title='bbox 924 943 1004 1026; x_wconf 81' lang='lat' dir='ltr'>hac</span> <span class='ocrx_word' id='word_1_50' title='bbox 1027 942 1156 1028; x_wconf 82' lang='lat' dir='ltr'>servus</span> <span class='ocrx_word' id='word_1_51' title='bbox 1173 943 1229 1026; x_wconf 83' lang='lat' dir='ltr'>itte</span> 
     </span>
     <span class='ocr_line' id='line_1_9' title="bbox 215 1052 1235 1168; baseline 0.004 -32"><span class='ocrx_word' id='word_1_52' title='bbox 215 1058 418 1168; x_wconf 85' lang='lat' dir='ltr'>acceperit,</span> <span class='ocrx_word' id='word_1_53' title='bbox 446 1052 588 1154; x_wconf 87' lang='lat' dir='ltr'>nescio,</span> <span class='ocrx_word' id='word_1_54' title='bbox 616 1081 739 1166; x_wconf 89' lang='lat' dir='ltr'>neque</span> <span class='ocrx_word' id='word_1_55' title='bbox 756 1055 930 1140; x_wconf 81' lang='lat' dir='ltr'>divinate</span> <span class='ocrx_word' id='word_1_56' title='bbox 948 1059 1078 1164; x_wconf 86' lang='lat' dir='ltr'>potui,</span> <span class='ocrx_word' id='word_1_57' title='bbox 1105 1084 1156 1140; x_wconf 88' lang='lat' dir='ltr'>an</span> <span class='ocrx_word' id='word_1_58' title='bbox 1172 1079 1235 1140; x_wconf 83' lang='lat' dir='ltr'>vos</span> 
     </span>
     <span class='ocr_line' id='line_1_10' title="bbox 216 1163 1235 1278; baseline 0.003 -29"><span class='ocrx_word' id='word_1_59' title='bbox 216 1163 320 1251; x_wconf 80' lang='lat' dir='ltr'>casus</span> <span class='ocrx_word' id='word_1_60' title='bbox 341 1167 443 1250; x_wconf 84' lang='lat' dir='ltr'>istius</span> <span class='ocrx_word' id='word_1_61' title='bbox 466 1163 661 1278; x_wconf 79' lang='lat' dir='ltr'>peracerbi</span> <span class='ocrx_word' id='word_1_62' title='bbox 693 1165 826 1250; x_wconf 87' lang='lat' dir='ltr'>fecerit</span> <span class='ocrx_word' id='word_1_63' title='bbox 865 1167 1057 1252; x_wconf 76' lang='lat' dir='ltr'><strong>certiores.</strong></span> <span class='ocrx_word' id='word_1_64' title='bbox 1114 1178 1235 1275; x_wconf 86' lang='lat' dir='ltr'>Quam</span> 
     </span>
     <span class='ocr_line' id='line_1_11' title="bbox 109 1276 1239 1394; baseline 0.002 -33"><span class='ocrx_word' id='word_1_65' title='bbox 109 1355 112 1361; x_wconf 89' lang='lat'><em>.</em></span> <span class='ocrx_word' id='word_1_66' title='bbox 217 1278 273 1363; x_wconf 91' lang='lat' dir='ltr'>ob</span> <span class='ocrx_word' id='word_1_67' title='bbox 287 1307 367 1364; x_wconf 87' lang='lat' dir='ltr'>retn</span> <span class='ocrx_word' id='word_1_68' title='bbox 387 1280 468 1362; x_wconf 82' lang='lat' dir='ltr'>haec</span> <span class='ocrx_word' id='word_1_69' title='bbox 495 1276 687 1390; x_wconf 77' lang='lat' dir='ltr'><strong>perscripsi</strong></span> <span class='ocrx_word' id='word_1_70' title='bbox 707 1277 834 1380; x_wconf 87' lang='lat' dir='ltr'><strong>vobis,</strong></span> <span class='ocrx_word' id='word_1_71' title='bbox 865 1299 909 1362; x_wconf 93' lang='lat' dir='ltr'>ut</span> <span class='ocrx_word' id='word_1_72' title='bbox 927 1279 1123 1382; x_wconf 88' lang='lat' dir='ltr'>videretis,</span> <span class='ocrx_word' id='word_1_73' title='bbox 1153 1279 1239 1394; x_wconf 88' lang='lat' dir='ltr'>quid</span> 
     </span>
     <span class='ocr_line' id='line_1_12' title="bbox 217 1389 1243 1502; baseline 0 -29"><span class='ocrx_word' id='word_1_74' title='bbox 217 1394 429 1501; x_wconf 82' lang='lat' dir='ltr'>agendum,</span> <span class='ocrx_word' id='word_1_75' title='bbox 460 1390 616 1502; x_wconf 86' lang='lat' dir='ltr'>nequid</span> <span class='ocrx_word' id='word_1_76' title='bbox 635 1417 692 1473; x_wconf 88' lang='lat' dir='ltr'>res</span> <span class='ocrx_word' id='word_1_77' title='bbox 718 1389 839 1474; x_wconf 77' lang='lat' dir='ltr'>vestra</span> <span class='ocrx_word' id='word_1_78' title='bbox 856 1389 1025 1502; x_wconf 85' lang='lat' dir='ltr'>publica,</span> <span class='ocrx_word' id='word_1_79' title='bbox 1062 1396 1104 1477; x_wconf 88' lang='lat'>&amp;</span> <span class='ocrx_word' id='word_1_80' title='bbox 1123 1389 1243 1477; x_wconf 83' lang='lat' dir='ltr'>clarii-</span> 
     </span>
     <span class='ocr_line' id='line_1_13' title="bbox 219 1500 1242 1616; baseline 0.003 -32"><span class='ocrx_word' id='word_1_81' title='bbox 219 1502 299 1586; x_wconf 78' lang='lat' dir='ltr'>fimi</span> <span class='ocrx_word' id='word_1_82' title='bbox 321 1503 479 1613; x_wconf 85' lang='lat' dir='ltr'>Juvenis</span> <span class='ocrx_word' id='word_1_83' title='bbox 496 1500 673 1602; x_wconf 81' lang='lat' dir='ltr'>haeredes,</span> <span class='ocrx_word' id='word_1_84' title='bbox 691 1525 759 1585; x_wconf 88' lang='lat' dir='ltr'>aut</span> <span class='ocrx_word' id='word_1_85' title='bbox 777 1505 957 1607; x_wconf 87' lang='lat' dir='ltr'><strong>Domini,</strong></span> <span class='ocrx_word' id='word_1_86' title='bbox 986 1525 1167 1616; x_wconf 82' lang='lat' dir='ltr'>caperent</span> <span class='ocrx_word' id='word_1_87' title='bbox 1181 1505 1242 1588; x_wconf 87' lang='lat' dir='ltr'>de·</span> 
     </span>
     <span class='ocr_line' id='line_1_14' title="bbox 221 1613 1241 1732; baseline 0.003 -34"><span class='ocrx_word' id='word_1_88' title='bbox 221 1619 405 1699; x_wconf 85' lang='lat' dir='ltr'>ttitnenti.</span> <span class='ocrx_word' id='word_1_89' title='bbox 461 1619 562 1698; x_wconf 88' lang='lat' dir='ltr'><strong>Huic</strong></span> <span class='ocrx_word' id='word_1_90' title='bbox 583 1613 711 1697; x_wconf 79' lang='lat' dir='ltr'>vestra</span> <span class='ocrx_word' id='word_1_91' title='bbox 735 1615 900 1724; x_wconf 84' lang='lat' dir='ltr'>epistolae</span> <span class='ocrx_word' id='word_1_92' title='bbox 926 1617 1042 1700; x_wconf 88' lang='lat' dir='ltr'>aliam</span> <span class='ocrx_word' id='word_1_93' title='bbox 1060 1614 1241 1732; x_wconf 73' lang='lat' dir='ltr'>adiungo,</span> 
     </span>
     <span class='ocr_line' id='line_1_15' title="bbox 219 1725 1240 1839; baseline 0.003 -28"><span class='ocrx_word' id='word_1_94' title='bbox 219 1753 336 1839; x_wconf 84' lang='lat' dir='ltr'>quarn</span> <span class='ocrx_word' id='word_1_95' title='bbox 355 1748 397 1810; x_wconf 88' lang='lat' dir='ltr'>ut</span> <span class='ocrx_word' id='word_1_96' title='bbox 421 1729 525 1808; x_wconf 88' lang='lat' dir='ltr'>Patri</span> <span class='ocrx_word' id='word_1_97' title='bbox 554 1725 684 1809; x_wconf 82' lang='lat' dir='ltr'>nostro</span> <span class='ocrx_word' id='word_1_98' title='bbox 711 1729 919 1837; x_wconf 88' lang='lat' dir='ltr'>Superiori,</span> <span class='ocrx_word' id='word_1_99' title='bbox 956 1730 1063 1812; x_wconf 90' lang='lat' dir='ltr'>Patri</span> <span class='ocrx_word' id='word_1_100' title='bbox 1088 1735 1240 1815; x_wconf 76' lang='lat' dir='ltr'>Renato</span> 
     </span>
     <span class='ocr_line' id='line_1_16' title="bbox 218 1837 1238 1939; baseline 0.001 -17"><span class='ocrx_word' id='word_1_101' title='bbox 218 1837 365 1923; x_wconf 83' lang='lat' dir='ltr'>Cliffon</span> <span class='ocrx_word' id='word_1_102' title='bbox 381 1838 712 1922; x_wconf 73' lang='lat' dir='ltr'>transmittendam</span> <span class='ocrx_word' id='word_1_103' title='bbox 732 1841 967 1923; x_wconf 88' lang='lat' dir='ltr'>Dominatio</span> <span class='ocrx_word' id='word_1_104' title='bbox 985 1841 1109 1925; x_wconf 85' lang='lat' dir='ltr'>vestra</span> <span class='ocrx_word' id='word_1_105' title='bbox 1124 1865 1238 1939; x_wconf 87' lang='lat' dir='ltr'>curer,</span> 
     </span>
     <span class='ocr_line' id='line_1_17' title="bbox 218 1951 1239 2068; baseline 0 -34"><span class='ocrx_word' id='word_1_106' title='bbox 218 1955 333 2036; x_wconf 84' lang='lat' dir='ltr'>etiam</span> <span class='ocrx_word' id='word_1_107' title='bbox 353 1972 469 2059; x_wconf 87' lang='lat' dir='ltr'>atque</span> <span class='ocrx_word' id='word_1_108' title='bbox 484 1953 602 2034; x_wconf 87' lang='lat' dir='ltr'>etiam</span> <span class='ocrx_word' id='word_1_109' title='bbox 616 1977 725 2061; x_wconf 86' lang='lat' dir='ltr'>rogo.</span> <span class='ocrx_word' id='word_1_110' title='bbox 766 1956 919 2054; x_wconf 85' lang='lat' dir='ltr'>Valeat,</span> <span class='ocrx_word' id='word_1_111' title='bbox 949 1951 1140 2068; x_wconf 87' lang='lat' dir='ltr'>nobisque</span> <span class='ocrx_word' id='word_1_112' title='bbox 1151 1953 1239 2040; x_wconf 83' lang='lat' dir='ltr'>beni</span> 
     </span>
     <span class='ocr_line' id='line_1_18' title="bbox 220 2065 734 2175; baseline 0.002 -34"><span class='ocrx_word' id='word_1_113' title='bbox 220 2069 330 2161; x_wconf 77' lang='lat' dir='ltr'>velle,</span> <span class='ocrx_word' id='word_1_114' title='bbox 361 2089 403 2144; x_wconf 87' lang='lat' dir='ltr'>ut</span> <span class='ocrx_word' id='word_1_115' title='bbox 423 2065 554 2175; x_wconf 83' lang='lat' dir='ltr'>toepit,</span> <span class='ocrx_word' id='word_1_116' title='bbox 591 2086 734 2175; x_wconf 85' lang='lat' dir='ltr'>pergat.</span> 
     </span>
    </p>
   </div>
   <div class='ocr_carea' id='block_1_3' title="bbox 432 2281 1234 2542">
    <p class='ocr_par' dir='ltr' id='par_1_3' title="bbox 432 2281 1234 2542">
     <span class='ocr_line' id='line_1_19' title="bbox 432 2281 1190 2401; baseline 0.012 -37"><span class='ocrx_word' id='word_1_117' title='bbox 432 2282 661 2398; x_wconf 66' lang='lat' dir='ltr'>(iranrtrffime</span> <span class='ocrx_word' id='word_1_118' title='bbox 679 2281 992 2401; x_wconf 77' lang='lat' dir='ltr'>atqtreclariffimt</span> <span class='ocrx_word' id='word_1_119' title='bbox 1011 2285 1190 2389; x_wconf 62' lang='lat' dir='ltr'>Domine,</span> 
     </span>
     <span class='ocr_line' id='line_1_20' title="bbox 567 2423 1234 2542; baseline 0.009 -36"><span class='ocrx_word' id='word_1_120' title='bbox 567 2426 826 2511; x_wconf 74' lang='lat' dir='ltr'>Dominationi</span> <span class='ocrx_word' id='word_1_121' title='bbox 844 2425 964 2542; x_wconf 72' lang='lat' dir='ltr'>vestra</span> <span class='ocrx_word' id='word_1_122' title='bbox 979 2423 1234 2536; x_wconf 66' lang='lat' dir='ltr'>addiffiffinm</span> 
     </span>
    </p>
   </div>
   <div class='ocr_carea' id='block_1_4' title="bbox 502 2555 1224 2922">
    <p class='ocr_par' dir='ltr' id='par_1_4' title="bbox 502 2555 1224 2922">
     <span class='ocr_line' id='line_1_21' title="bbox 703 2555 1145 2674; baseline 0.016 -35"><span class='ocrx_word' id='word_1_123' title='bbox 703 2567 743 2639; x_wconf 85' lang='lat' dir='ltr'>in</span> <span class='ocrx_word' id='word_1_124' title='bbox 763 2559 895 2674; x_wconf 73' lang='lat' dir='ltr'>cbristo</span> <span class='ocrx_word' id='word_1_125' title='bbox 906 2555 1145 2674; x_wconf 70' lang='lat' dir='ltr'>Jesufirv&#39;ur,</span> 
     </span>
     <span class='ocr_line' id='line_1_22' title="bbox 502 2805 1224 2922; baseline 0.003 -32"><span class='ocrx_word' id='word_1_126' title='bbox 502 2813 721 2894; x_wconf 65' lang='lat' dir='ltr'>irretirer,</span> <span class='ocrx_word' id='word_1_127' title='bbox 750 2814 873 2914; x_wconf 76' lang='lat' dir='ltr'>Nau,</span> <span class='ocrx_word' id='word_1_128' title='bbox 895 2811 917 2894; x_wconf 77' lang='lat' dir='ltr'>e</span> <span class='ocrx_word' id='word_1_129' title='bbox 936 2809 1126 2898; x_wconf 84' lang='lat' dir='ltr'>societate</span> <span class='ocrx_word' id='word_1_130' title='bbox 1141 2805 1224 2922; x_wconf 66' lang='lat' dir='ltr'>resa</span> 
     </span>
    </p>
   </div>
   <div class='ocr_carea' id='block_1_5' title="bbox 219 3059 553 3277">
    <p class='ocr_par' dir='ltr' id='par_1_5' title="bbox 219 3059 553 3277">
     <span class='ocr_line' id='line_1_23' title="bbox 219 3059 553 3135; baseline -0.012 -13"><span class='ocrx_word' id='word_1_131' title='bbox 219 3061 348 3122; x_wconf 73' lang='lat' dir='ltr'>Marednn</span> <span class='ocrx_word' id='word_1_132' title='bbox 364 3059 389 3114; x_wconf 85' lang='lat' dir='ltr'>in</span> <span class='ocrx_word' id='word_1_133' title='bbox 403 3059 553 3135; x_wconf 72' lang='lat' dir='ltr'>nrt—sopon-</span> 
     </span>
     <span class='ocr_line' id='line_1_24' title="bbox 253 3138 548 3216; baseline -0.01 -19"><span class='ocrx_word' id='word_1_134' title='bbox 253 3138 548 3216; x_wconf 63' lang='lat' dir='ltr'>mintinnisAugttssn</span> 
     </span>
     <span class='ocr_line' id='line_1_25' title="bbox 259 3219 425 3277; baseline -0.03 -4"><span class='ocrx_word' id='word_1_135' title='bbox 259 3235 327 3275; x_wconf 80' lang='lat' dir='ltr'>anno</span> <span class='ocrx_word' id='word_1_136' title='bbox 344 3219 425 3277; x_wconf 66' lang='lat'>1481.</span> 
     </span>
    </p>
   </div>
   <div class='ocr_carea' id='block_1_6' title="bbox 879 3733 1228 3841">
    <p class='ocr_par' dir='ltr' id='par_1_6' title="bbox 879 3733 1228 3841">
     <span class='ocr_line' id='line_1_26' title="bbox 879 3733 1228 3841; baseline -0.037 -2"><span class='ocrx_word' id='word_1_137' title='bbox 879 3795 882 3800; x_wconf 75' lang='lat'><em>,</em></span> <span class='ocrx_word' id='word_1_138' title='bbox 970 3741 1020 3839; x_wconf 63' lang='lat' dir='ltr'>vt</span> <span class='ocrx_word' id='word_1_139' title='bbox 1046 3733 1228 3841; x_wconf 82' lang='lat' dir='ltr'><strong><em>IDEM.-</em></strong></span> 
     </span>
    </p>
   </div>
   <div class='ocr_carea' id='block_1_7' title="bbox 0 0 1333 4448">
    <p class='ocr_par' dir='ltr' id='par_1_7' title="bbox 0 0 1333 4448">
     <span class='ocr_line' id='line_1_27' title="bbox 0 0 1333 4448; baseline 0 0"><span class='ocrx_word' id='word_1_140' title='bbox 0 0 1333 4448; x_wconf 95' lang='lat' dir='ltr'> </span> 
     </span>
    </p>
   </div>
  </div>
 </body>
</html>
