2654 4466
342 254 416 334 '286
445 246 662 330 ROGERI
688 244 932 325 ASCHAM'I
956 239 1116 322 EPIST.
1136 245 1242 322 FAM.

338 371 542 428 annissrurmr'i
562 361 706 446 prestanti
727 365 850 440 ingenio
872 363 1013 444 explicata
1032 345 1190 444 susciperes.
1223 357 1280 440 Mati

340 447 424 505 cleas
436 445 576 520 Negelr'nus
586 441 714 504 ostendit
725 441 809 516 mihi,
840 461 930 520 quam
942 438 1100 503 industrius
1112 442 1206 503 artifex
1216 441 1244 503 sn
1253 443 1277 502 in

339 525 450 598 conjun
472 521 556 583 endis
569 521 728 582 ommuni
743 521 892 598 exemplis,
910 539 980 580 cum
989 519 1127 578 Rhetorica
1139 520 1277 600 preceptis:

336 541 563 684 ,nihireriqmd
573 601 715 672 majorem
724 615 774 658 tut
783 599 882 658 lucem
890 598 994 671 literis,
1012 614 1061 660 aut
1070 597 1294 660 commoditatem.

340 677 445 740 studiis
458 677 559 739 ndfert.
595 675 668 742 ¹Hoc
681 674 768 737 docet
779 695 856 736 unus
875 676 925 735 ille
937 677 1020 737 locus
1032 673 1108 756 apud
1120 675 1276 732 crememur
1289 739 1294 754 ι

339 757 546 836 partitionibus
560 753 716 825 Oratoriis,
735 753 771 813 de
789 752 926 814 conversa
943 755 1072 814 oratione
1091 769 1171 830 atque
1184 767 1277 822 mutan,

216 847 220 854 '
316 831 400 896 'tam
419 832 523 894 illustri
541 833 744 910 exemplorum
761 830 939 910 apposrtione
953 837 1080 920 nJoanne
1091 829 1278 917 sturmioerpli·

339 928 433 986 catur,
450 928 484 972 ut
506 910 556 971 har
577 928 634 971 nes
656 911 775 989 paginas
797 913 860 970 inte
882 909 920 970 ris
942 909 1067 972 aliorum
1089 923 1277 968 commeamus

338 989 427 1050 facile
448 1005 662 1069 anteponerem.
703 987 825 1048 Utinam
846 927 898 1046 fiiri
921 1003 1103 1065 amputarent
1123 985 1238 1062 reliquos
1250 983 1278 1042 la·

336 1067 443 1128 bores:
474 1068 502 1128 δι
526 1069 558 1126 in
582 1063 775 1144 congerendis
795 1063 946 1143 exemplis,
963 1064 1014 1124 ubi
1027 1064 1116 1124 nimis
1128 1062 1277 1142 parcitum·

258 1155 262 1164 '
339 1143 431 1205 stricti
442 1144 520 1217 sunt,
544 1143 681 1223 diligenti
695 1142 947 1210 animadversione,
966 1141 1081 1201 deledtu
1095 1141 1118 1200 δι
1133 1133 1278 1218 judicioad

339 1222 447 1296 hibito,
460 1225 648 1304 quantumvis
661 1221 766 1301 prolixi
781 1223 809 1282 δι
822 1221 897 1298 largi
907 1216 961 1282 elle
971 1219 1074 1280 velint.
1087 1217 1235 1280 Luculente
1242 1234 1279 1274 er·

338 1301 684 1380 plicatpraecepturn,qui
694 1315 795 1375 aptum
805 1298 1130 1375 adjungitexernplum:
1143 1313 1174 1356 tu
1184 1291 1280 1354 hortati·

337 1397 395 1438 one
413 1397 476 1438 rnea
494 1399 555 1438 non
574 1396 641 1452 eges
654 1393 689 1436 ut
701 1375 758 1435 hoc
771 1376 870 1448 facias,
889 1374 940 1438 nist
954 1371 1068 1436 fortalle
1082 1373 1222 1436 confilium
1231 1368 1278 1432 sut·

338 1452 445 1516 villimi
457 1455 556 1516 l’o'e'tae
569 1453 707 1532 sequeris,
725 1452 869 1516 dicentis:

444 1604 506 1692 Qr'
517 1622 600 1666 monet
613 1621 643 1665 ut
651 1603 754 1686 sociat,
772 1609 906 1684 quod-iam
913 1605 995 1683 facit,
1014 1606 1067 1685 ipse
1081 1606 1199 1667 monendo.

515 1687 633 1759 Laudat,
652 1681 688 1748 &¹
701 1685 809 1742 hortatu
821 1688 965 1763 comprobat
975 1689 1037 1743 acio
1043 1685 1100 1763 suo.

375 1840 469 1920 Quod
491 1858 551 1904 tarn
575 1837 708 1902 tudeller
730 1838 765 1899 ad
787 1856 817 1900 te
838 1838 942 1914 scribo,
972 1861 1032 1902 non
1045 1842 1171 1903 multum
1182 1831 1275 1908 cumi

334 1921 522 2002 prudentiam
532 1921 563 1982 in
572 1939 620 1979 me
632 1918 780 1992 desideres,
793 1920 932 1996 quoniam
945 1918 1037 1982 solius
1049 1919 1236 1980 benivolentia
1245 1933 1276 1980 tl·

333 2003 379 2066 tio
388 1998 446 2058 lroc
456 2016 587 2078 tempore
597 1995 672 2057 mihi
682 1997 805 2064 omnino
817 1997 958 2075 proposita
971 1997 1041 2058 fuit.
1052 1999 1089 2060 Et
1099 1997 1152 2058 lroe
1161 1991 1275 2062 amicitie

332 2071 543 2156 constituendo
556 2075 687 2148 initium,
707 2074 788 2152 quod
801 2076 882 2134 nulla
894 2076 969 2135 lucri
982 2074 1096 2136 sordida
1112 2063 1275 2152 suspicimur

332 2152 508 2214 'eruditionis
530 2169 618 2231 etque
636 2150 826 2215 humanitatis
851 2152 1069 2215 commendatio
1087 2152 1142 2234 sole
1154 2145 1276 2212 excitavit·

319 2247 385 2292 ‘aut
395 2232 504 2292 tacitus
514 2229 626 2290 silentio
637 2230 822 2307 improbabis,
842 2247 892 2289 aut
904 2247 1045 2292 mutuum
1059 2249 1142 2292 tuum
1158 2231 1187 2289 in
1198 2239 1275 2287 amore

331 2307 524 2384 respondendi
543 2305 683 2380 studium,
701 2309 792 2369 literis
811 2310 870 2367 tuis
889 2309 1012 2368 libenter
1026 2309 1187 2370 declarabit.
1218 2299 1276 2362 V²le

328 2386 365 2486 in
379 2384 493 2447 Christo
505 2383 587 2464 Jel‘u.
626 2385 730 2446 Mense
743 2387 847 2462 Aprilis
860 2385 952 2446 Anno
964 2385 1055 2448 Dom.
1073 2405 1152 2464 1559·
1226 2397 1229 2404 '

574 2679 813 2778 uersu
859 2679 1020 2758 xxxiv.

366 2828 634 2907 MAGISTRO,
663 2831 815 2893 SOCllS
837 2830 897 2892 ET
924 2828 1249 2897 SCHOLARIBUS

471 2953 726 3016 COLLEGII
765 2953 885 3014 DIVI
918 2951 1153 3030 JOANNIS

570 3064 1060 3130 CANTABRIGIAE.

422 3240 554 3302 Uantum
577 3242 767 3304 celeberrimo
789 3241 834 3304 isti
860 3244 1005 3323 collegio,
1026 3241 1203 3308 celeberrimi
1224 3227 1278 3306 viri.

354 3398 357 3404 .
442 3322 470 3379 δι
489 3322 604 3398 inclyte
623 3320 721 3381 vestrae
742 3324 951 3385 conl‘ocirtioui
966 3326 1067 3399 debeo,
1087 3327 1165 3386 suavi
1179 3319 1232 3399 ipse
1243 3319 1279 3375 in·
1295 3365 1297 3372 .

328 3392 391 3454 dies
415 3399 513 3456 recolo
536 3401 685 3470 memoria,
709 3401 916 3476 frequentique
937 3403 1011 3480 apud
1031 3425 1132 3463 omnes
1146 3395 1279 3470 mcosepe

327 3489 527 3533 commemoro
540 3475 687 3536 sermone:
719 3478 746 3534 8<
763 3496 822 3553 quo
838 3479 978 3544 libentius
990 3501 1046 3553 me,
1066 3500 1185 3558 meaque
1196 3473 1279 3536 omnir

328 3547 413 3609 vobis
426 3549 526 3622 debeo,
556 3572 591 3610 eo
604 3555 670 3628 plus
682 3552 819 3630 deinceps
833 3577 880 3613 me
894 3559 969 3616 velle
982 3577 1101 3635 quoque
1113 3559 1220 3626 debere,
1241 3552 1280 3608 iss-

328 3641 422 3714 genue
437 3648 493 3704 prae
508 3649 555 3688 rne
568 3629 638 3688 fero.
676 3631 753 3689 Num
765 3650 800 3690 ut
812 3651 901 3704 auten,
922 3657 982 3694 non
997 3640 1146 3695 uoluntate
1158 3624 1279 3693 solum&

328 3701 433 3780 lludro,
450 3706 499 3768 sed
523 3705 623 3769 officio
646 3723 731 3784 arque
755 3712 870 3784 merito,
890 3709 935 3773 illi
954 3711 1053 3775 nostro
1068 3715 1206 3788 collegio,
1224 3723 1278 3839 egr?

1271 3801 1277 3837 r
