2684 4476
319 238 367 308 rt
406 229 572 306 nerse.
595 226 717 304 ΒΑΜ.
742 225 814 304 no
835 223 867 322 J.
888 225 1206 307 sternitum.

316 353 365 414 rel
377 352 425 412 illi
438 349 474 410 de
486 347 520 410 ei
532 365 563 412 te
575 347 752 426 predicent,
770 349 818 410 vel
832 347 892 426 ipse
905 347 1039 422 sentiam,
1056 369 1118 410 non
1129 351 1225 413 literis
1237 369 1287 414 ex·

233 460 239 471 1
297 449 436 512 ,ponere
453 426 502 490 sed
520 429 553 488 in
571 429 714 507 opinione
731 427 959 506 tuttelitrquere
978 424 1138 490 statuerim.
1177 429 1222 490 Et.
1229 429 1286 494 hoc

316 505 367 582 est,
387 504 588 568 humaniffime
602 511 704 564 stanni
723 503 804 583 quod
813 521 964 582 tantopere
980 505 1029 566 abs
1050 523 1079 565 te
1098 505 1285 582 contendam,

316 603 353 647 ut
366 584 476 674 summi
485 581 605 676 artificis
613 581 869 724 rrestmtiffimtm
879 601 979 664 artem,
989 585 1144 647 excellenti
1156 583 1285 676 artificio

314 661 1110 802 ‘¹¹⁰illi?milarlllflllztnllllll’,
1121 659 1295 802 lile·

315 761 427 878 deiram
446 815 482 878 ad
504 759 547 878 εἰς
556 817 734 904 urgendum,
764 834 800 878 ut
822 784 880 907 lioc
904 758 1076 908 perdteres,
1106 785 1282 882 ddhiberem.

315 897 424 1034 Negue
438 915 493 974 ego
512 894 606 970 solue,
630 895 680 956 sed
699 894 925 962 innumerabiles
944 898 1012 985 elit,
1038 893 1094 956 hot
1108 896 1156 958 abt
1169 913 1199 958 te
1212 916 1284 988 con·

313 990 366 1036 ten
386 991 451 1036 unt.
484 973 625 1050 Quorum
644 969 785 1052 postulata
804 972 1209 1038 cum&11tenn1msumnn
1222 991 1284 1036 utt-

274 1100 297 1146 Ι,
314 1055 406 1126 litate,
426 1053 455 1113 δι
469 1053 599 1112 nominis
614 1053 661 1114 tui
681 1051 821 1116 immense
832 1051 916 1114 laude
928 1052 1078 1130 implicata
1090 1050 1169 1124 sunt,
1188 1069 1283 1129 quan·

315 1147 382 1193 turn
400 1130 565 1192 hnmanitas
590 1145 640 1190 tua
662 1130 721 1191 illis
742 1130 872 1194 tribuere
892 1129 985 1203 debet,
1004 1130 1095 1190 etiam
1115 1148 1203 1206 atque
1225 1131 1282 1192 eti·

317 1229 365 1270 ern
378 1207 532 1269 curdidera.
570 1207 615 1269 Ut
640 1227 732 1268 novos
745 1206 860 1270 haurias
886 1208 996 1283 labores
1008 1227 1069 1271 non
1081 1210 1281 1284 requirimus:

315 1286 369 1350 sed
377 1303 488 1348 veteres
501 1303 537 1346 ut
548 1282 683 1346 firsdlime
703 1285 738 1348 ad
750 1303 878 1350 veterem
901 1284 1066 1346 studiorum
1087 1285 1220 1348 fredum
1236 1285 1281 1348 di·

315 1383 444 1438 manent,
463 1365 637 1442 expetimus.
675 1360 819 1426 Vidimus
839 1365 919 1424 enim
946 1364 1121 1440 &legimus
1144 1376 1281 1440 magnam

314 1459 426 1520 partem
441 1443 562 1502 illorum
584 1439 736 1511 laborum,
757 1459 831 1520 quos
853 1442 886 1501 in
901 1437 963 1505 istis
982 1443 1127 1498 Rhetoricis
1142 1443 1219 1500 libris
1231 1463 1281 1504 ex.

313 1520 459 1600 plitandis
480 1516 646 1595 suscepisti:
667 1518 777 1656 auibus
796 1534 911 1580 tantum
935 1517 1066 1580 ardorem
1088 1522 1120 1578 in
1135 1518 1221 1582 nobis
1243 1519 1280 1580 ed

314 1597 438 1658 videnda
451 1599 564 1673 reliqua
577 1597 671 1656 excite
697 1598 717 1668 i,
742 1613 777 1658 ut
790 1595 816 1656 it
829 1598 909 1657 nulla
921 1598 974 1656 alia
988 1617 1028 1669 re,
1047 1596 1100 1656 nisr
1114 1598 1182 1658 luce
1196 1598 1280 1675 inge-

312 1677 360 1737 nii
371 1676 428 1748 tui,
447 1673 543 1734 satiari
561 1671 653 1752 poffit.
693 1675 759 1750 Age
774 1673 869 1752 igitur
882 1675 995 1751 optime
1008 1679 1124 1748 sturmi,
1147 1677 1242 1754 &per
1261 1697 1278 1738 e

314 1770 420 1831 rogatu
439 1753 530 1812 unius
548 1748 677 1829 prodesse
688 1751 838 1812 univerlit.
877 1753 915 1812 Et
927 1771 1095 1830 quanquam
1108 1752 1212 1814 durior
1261 1774 1278 1816 e

313 1832 370 1903 vis,
389 1828 469 1908 quod
489 1829 578 1892 facile
598 1849 658 1890 non
676 1828 779 1902 credo,
804 1848 893 1905 quam
905 1847 940 1890 ut
952 1847 1036 1890 oratu
1048 1832 1213 1892 multorum
1225 1831 1278 1892 bo-

312 1928 421 1968 norum
434 1927 650 1968 commovente:
670 1907 844 1986 prudentior
857 1924 954 1968 tamen
967 1929 1006 1980 es,
1020 1908 1101 1985 quod
1114 1926 1196 1970 certo
1209 1911 1278 1986 qui·

312 1985 381 2046 dem
392 1986 465 2056 scio,
481 2004 570 2065 quam
584 2001 619 2045 ut
631 1987 739 2063 patiare
752 1985 841 2048 unius
852 1986 985 2062 plagiarii
999 1984 1106 2046 scelere
1116 1987 1278 2062 committi,

312 2081 348 2123 ut
367 2065 414 2122 vel
440 2059 500 2122 istis
519 2063 664 2119 Rhetoricis
680 2063 772 2135 libris,
792 2064 841 2123 vel
859 2069 969 2138 Gurgite,
989 2064 1035 2123 vel
1060 2065 1178 2121 Politicis
1197 2067 1276 2139 tuis,

312 2156 364 2201 aut
376 2140 465 2212 aliud,
486 2157 537 2200 aut
547 2140 629 2200 aliter
640 2140 760 2212 accidat,
780 2160 870 2217 quam
883 2161 962 2200 nunc
974 2138 1066 2200 vereri
1078 2142 1160 2214 velis,
1180 2143 1276 2206 autin

310 2214 460 2296 posterum
483 2217 594 2278 mederi
618 2238 714 2296 queas.
754 2217 847 2293 Quod
865 2218 971 2295 ipsum,
984 2218 1023 2277 in
1036 2235 1115 2278 tenta
1128 2219 1213 2280 turba
1226 2239 1276 2282 ex·

309 2295 490 2373 cipientium
503 2295 606 2356 dinan
630 2313 689 2366 tun,
708 2296 795 2358 facile
820 2298 946 2370 alicujus
959 2299 1006 2356 vel
1020 2293 1100 2372 stulti
1115 2297 1205 2358 enrici
1219 2298 1276 2358 im·

348 2373 423 2446 titia,
442 2375 488 2432 vel
513 2373 621 2434 sordidi
643 2372 816 2452 typographi
836 2375 955 2434 avaritia
977 2375 1148 2452 contingere
1169 2372 1274 2453 potest.

332 2470 384 2510 ant
399 2451 539 2525 injuriam
558 2451 631 2528 saepe
645 2448 777 2526 Erasmus,
797 2451 870 2529 saepe
888 2453 977 2514 multi
998 2450 1076 2512 dodli
1090 2453 1148 2513 viri
1161 2453 1275 2532 experti

308 2527 386 2602 sunt,
407 2549 471 2606 quae
484 2527 505 2587 sr
519 2528 553 2588 nd
567 2546 595 2588 te
608 2528 702 2589 solum
715 2531 890 2606 perveniret,
911 2531 1059 2608 negligere
1073 2551 1136 2589 eam
1150 2551 1211 2590 non
1224 2531 1276 2592 de·

309 2605 399 2666 beret.
440 2607 518 2666 Cum
545 2627 659 2666 vetoea
676 2608 854 2668 omnium&
869 2610 1029 2680 literarum,
1050 2609 1138 2668 &tui
1153 2627 1276 2687 quoque

308 2680 505 2745 studiosorum
529 2686 697 2745 communis
721 2682 798 2756 effer,
831 2685 1001 2761 diligentior
1027 2685 1148 2761 quidem
1172 2688 1275 2750 cautio

308 2761 468 2821 adhibenda
491 2759 539 2822 est.
581 2764 617 2822 Et
631 2761 687 2822 hoc
711 2761 769 2822 sive
781 2762 855 2822 redit
869 2764 1016 2822 monentis
1031 2763 1196 2836 confilium,
1214 2765 1275 2828 sive

307 2858 375 2897 vere
402 2842 523 2898 amantis
548 2836 687 2911 studium,
706 2840 763 2898 sive
787 2841 915 2916 impense
938 2842 1066 2917 rogantis
1086 2838 1274 2906 institutum:

308 2936 340 2974 ea
355 2917 450 2994 queso
464 2935 561 2976 merite
575 2937 631 2994 qur
651 2938 706 2994 ego
721 2917 814 2977 scribo
829 2920 964 2996 accipias,
984 2920 1011 2980 δι
1026 2939 1058 2978 et
1071 2938 1193 2998 quoque
1203 2921 1275 2982 rati·

306 3013 372 3062 one,
393 3013 449 3070 qun
473 2997 600 3053 maxime
626 2998 725 3073 tupi0,
746 2998 866 3072 expleas.
907 2997 966 3056 His
1013 2997 1134 3058 roximis
1160 2997 1273 3076 superi·

306 3071 407 3130 oribus
434 3090 516 3130 annis
529 3076 674 3148 Aristoteles
698 3074 822 3132 eGallia
846 3074 967 3150 prodiit,
987 3017 1088 3136 ditior
1112 3076 1213 3152 lingue
1228 3077 1274 3138 10⁴

305 3168 407 3236 quens,
427 3167 462 3208 ut
485 3169 586 3208 omnes
609 3148 793 3224 existimant,
815 3154 906 3212 aliena
932 3170 1030 3212 niente
1056 3173 1272 3230 nonnunquam

303 3229 438 3290 lentiens.
459 3244 494 3285 ut
508 3228 628 3304 quidem
642 3229 782 3299 judicant.
824 3232 954 3293 {joachimi
970 3237 1084 3287 Perirnir'
1099 3233 1130 3290 in
1143 3233 1272 3306 coniun-

305 3304 400 3376 gendo
416 3309 530 3359 Cicerone
544 3325 613 3363 curn
633 3309 772 3372 Arillnrlt.
794 3306 822 3365 ἃ
838 3310 1020 3370 voluntatem
1034 3309 1121 3368 multi
1134 3310 1271 3386 probant,

304 3382 333 3438 δι
348 3401 381 3439 ex
404 3399 528 3450 utroque
544 3382 657 3442 infinita
679 3386 752 3457 loca,
773 3383 828 3442 sive
843 3386 873 3445 in
887 3386 1071 3462 congerendo
1085 3386 1270 3463 dilgentiam,

302 3456 360 3516 live
383 3458 414 3514 in
439 3459 640 3536 compellendo
664 3463 738 3532 vim,
758 3464 853 3539 plures
878 3464 908 3520 in
927 3466 1080 3524 meliorem
1095 3483 1208 3542 partem
1222 3486 1270 3526 at·

304 3535 437 3612 cipiunt,
458 3555 545 3610 quim
571 3539 644 3596 illud
670 3541 760 3599 nimis
783 3540 1200 3616 projestumespleclnnonii
1225 3562 1269 3616 os,

305 3616 357 3688 qui
383 3616 412 3670 in
435 3615 606 3691 exagitando
632 3633 759 3690 utroque
785 3617 903 3687 (hece,
923 3620 1092 3695 Latineque
1117 3618 1268 3692 dostrinae,

305 3693 334 3754 δι
356 3692 499 3767 principe,
520 3694 745 3769 &preceptore
766 3695 921 3770 utriusque
941 3697 1092 3772 bertelitio,
1112 3697 1208 3759 &suo
1222 3701 1269 3756 in-

1179 3796 1268 3854 gemo
