2646 4448
205 137 272 275 78,
352 131 416 234 D.
446 117 1095 234 tjtlvnl'luotont

201 307 245 388 in
262 327 388 388 meam
405 297 594 384 adducere
614 297 871 406 sententiam
897 293 963 381 sed
978 296 1005 380 fi
1020 295 1132 408 apud
1154 293 1230 382 luou

204 435 309 529 agat,
336 409 509 498 movebo
537 437 614 524 ego
642 409 812 520 lapidem
837 429 1010 508 omnem,
1039 429 1086 493 ut
1101 427 1232 519 optata

203 525 416 611 concordia
432 521 597 609 ineatur.
653 521 717 606 Est
733 519 890 633 quidem
904 520 1044 604 uostris
1055 546 1142 606 non
1152 525 1225 604 inu-

202 639 291 740 tilis,
321 636 385 720 seu
398 623 585 720 Dominis
604 630 743 746 Anglii
761 627 880 744 longi
895 627 1140 718 frustuolior.
1159 637 1222 715 Ve-

203 749 290 835 rum
304 749 475 833 nostrum
486 765 569 830 non
582 747 634 830 ell
645 745 878 832 huntedun
889 745 1075 857 fluxaque
1088 747 1221 844 intueti,

203 862 344 976 quibus
360 884 437 946 una
449 864 528 944 Dei
549 862 674 971 major
684 859 1115 971 gloriuexpttendaell.
1132 859 1224 941 Prin»

202 977 317 1087 cipils
335 990 465 1058 autem
486 972 566 1057 istis
586 971 654 1054 nifi
668 987 813 1053 conatu
829 989 918 1053 toto
931 969 1144 1071 obstemus,
1174 996 1229 1050 ve·

204 1115 305 1190 reor,
334 1107 377 1170 ut
397 1084 479 1170 sero
494 1109 668 1197 paremus
687 1082 931 1166 medicinam.
987 1083 1235 1168 Dominatio-

205 1204 267 1286 nis
290 1199 416 1282 vesttae
444 1197 606 1307 expello
632 1193 869 1307 responsum,
909 1223 1027 1306 quam
1047 1198 1160 1279 adire
1176 1212 1234 1308 pet

205 1333 267 1395 me
290 1335 373 1394 non
391 1315 516 1421 potui,
550 1308 714 1419 nequid
741 1302 1015 1417 suspicarentur
1031 1307 1171 1410 nostri,
1199 1309 1234 1389 it

205 1424 246 1508 in
259 1441 318 1508 me
336 1441 681 1506 commoverentur.
740 1421 891 1504 Valeat.

244 1647 324 1723 Alepl
342 1649 387 1706 2'6.
402 1643 490 1706 Martii
507 1650 590 1720 1677.

215 1885 249 1902 ⁸³·
256 1887 329 1898 ω’*
334 1876 512 1903 ἅμ”-*ω
517 1874 1232 1904 '’m—“utum-

691 2078 754 2157 ut.

581 2237 603 2325 l
638 2235 687 2328 D
724 2230 764 2327 Ε
800 2237 864 2333 Μ.

262 2501 458 2614 t‘lariljittte
479 2527 581 2620 atque
602 2500 819 2619 ornatiffime
837 2497 1014 2612 Domine,

209 2642 410 2848 CUM
432 2641 504 2720 nae
526 2642 624 2721 hora
642 2639 852 2720 meridiani
869 2635 985 2722 sciam
1004 2640 1232 2751 impeditum

335 2774 513 2860 te,neque
532 2777 667 2836 vacem
680 2751 952 2863 pomeridiano
962 2755 1042 2835 hoe
1053 2767 1232 2866 tempore,

210 2882 254 2945 ut
272 2867 321 2944 ad
342 2886 378 2944 te
393 2865 543 2963 adeum,
563 2867 602 2946 ὃ(
626 2885 755 2974 urgeat
778 2887 840 2945 me
857 2867 1029 2974 optimus
1044 2863 1117 2948 iste
1137 2861 1227 2950 Pres-

209 2972 333 3080 byter,
359 2977 585 3078 existimavi,
615 3001 688 3086 pto
703 2975 882 3086 lingulati
901 2975 1223 3078 humanitatem,

210 3114 326 3196 quarn
347 3091 459 3168 toties
478 3109 657 3197 expertus
674 3089 767 3188 lum,
798 3114 880 3170 non
895 3090 992 3201 tegre
1002 3109 1042 3172 te
1057 3094 1228 3186 laturum,

209 3198 286 3280 fite
305 3223 372 3308 per
404 3203 548 3283 litteras
575 3203 820 3302 conveniam,
838 3200 1103 3309 &obsecrem
1120 3221 1164 3286 ut
1174 3205 1228 3284 Bt⁴

213 3310 419 3421 rytenfiunr
444 3313 774 3411 Christianorum,
812 3315 918 3424 cujus
940 3316 1007 3400 ille
1025 3313 1160 3401 Pastor
1174 3314 1228 3411 eli,

209 3421 399 3520 mileum,
425 3427 573 3534 aliquid
603 3429 660 3509 illi
676 3425 923 3534 eleemosynae
941 3453 1136 3538 procures,
1161 3449 1228 3539 quo

210 3539 306 3618 duos
336 3542 434 3620 alios
463 3538 721 3645 Presbyteros,
750 3539 875 3622 socios
897 3539 998 3642 suos,
1034 3543 1079 3624 in
1096 3563 1226 3626 earcere

210 3651 402 3748 detentos,
428 3656 467 3732 8<
489 3652 795 3734 Christianorum
815 3655 1028 3761 plurimos,
1051 3652 1230 3764 Christit·

214 3788 306 3842 num
333 3762 387 3844 ob
411 3787 552 3846 nomen
574 3786 745 3866 vexatos,
776 3765 924 3851 liberet.
980 3765 1146 3853 Dabunt
1164 3770 1234 3853 hoc

212 3875 369 3959 Christo
388 3879 474 3961 Deo
491 3879 622 3966 nolito
640 3874 830 3967 elariffiini
849 3881 1019 3969 Domini
1039 3883 1173 3992 Angli,
1199 3881 1234 3961 it

1110 4015 1233 4102 pantu
