2576 4464
213 157 404 303 nrrsrss
460 163 637 302 trouu
675 219 848 306 unus.
961 207 1038 331 437'

120 601 127 614 ·
338 511 371 628 n
393 511 418 584 Ρ
440 511 459 584 1
484 517 506 588 s
531 515 576 588 τ.
626 514 756 610 xtra,

1 712 2 720 ,
219 652 467 720 CLARISSIMO
494 655 551 717 AC
577 657 872 722 ERUDITISSYMO

1 817 14 848 ι
93 749 203 869 ‘D.
240 755 661 891 D.Maur1no
696 769 972 910 Bucam,

53 921 317 1026 Tffiotoouu
330 918 710 994 raorussorunuoio
724 923 1046 1022 anTnumGrAEe,

154 1035 265 1100 nr1n1
295 1038 557 1102 Puuarmum
595 1029 944 1103 onsnrrvnruon
1013 1127 1017 1134 Ι

60 1177 224 1342 HOC
254 1209 389 1284 tempore
409 1196 454 1256 nil
466 1193 539 1257 mihi
552 1198 651 1276 potuit
663 1213 714 1258 aut
725 1197 854 1275 optatius
866 1212 917 1255 aut
929 1196 1038 1270 iucunz'

172 1269 239 1346 diru
261 1291 389 1347 evenne,
408 1293 496 1352 quam
518 1290 555 1335 ut
576 1275 725 1336 censuram
748 1292 829 1336 cuam
851 1273 982 1334 viderem
1004 1276 1039 1335 in

59 1346 167 1404 Librum
178 1355 324 1412 Sacrorum.
341 1369 430 1427 quare
443 1349 525 1430 quod
536 1372 600 1414 eam
612 1352 648 1412 ad
661 1373 708 1412 me
720 1351 857 1430 dignatus
871 1351 905 1411 sn
917 1353 1044 1426 mittere,

21 1419 31 1442 ⁶
59 1421 164 1498 antia!
183 1427 360 1494 immortales
372 1447 435 1505 ago.
468 1427 536 1505 Jam
547 1447 666 1509 rogatus
678 1431 789 1491 fueram
802 1445 837 1490 ut
849 1429 909 1508 ipse
922 1447 1044 1506 quoque

60 1519 227 1566 minotarem
248 1505 391 1582 quidnam
414 1507 488 1568 milri
513 1507 550 1567 de
562 1528 597 1568 eo
609 1507 774 1582 videretur:
796 1509 825 1569 δι
839 1526 909 1568 cum
924 1523 1044 1586 propter

59 1579 190 1656 ignotam
212 1585 289 1645 milri
311 1584 444 1660 linguam
466 1582 565 1647 fuirlet
575 1583 639 1648 data
652 1587 743 1647 versio
756 1585 881 1645 Domini
897 1585 991 1641 circili
1003 1585 1045 1644 lo-

38 1679 40 1681 ·
59 1656 160 1734 ganda,
179 1677 215 1728 ut
228 1663 313 1737 potui
325 1683 360 1722 ex
372 1681 404 1720 ea
417 1663 564 1741 colligere,
582 1665 719 1724 annotavi
732 1675 797 1738 quat
809 1662 897 1738 digna
906 1660 1045 1724 correcti-

58 1753 117 1796 one
138 1735 197 1798 visa
219 1755 313 1800 crant.
351 1737 407 1799 Se'd
426 1742 493 1818 quia
506 1743 538 1802 in
550 1739 679 1801 versione
690 1740 880 1801 mihitradita
894 1741 1044 1817 complura

59 1811 188 1887 deerant,
206 1814 277 1878 ideo
299 1818 389 1877 multa
412 1818 548 1896 praeterii,
567 1817 603 1878 de
627 1819 733 1896 quibus
754 1821 785 1878 in
798 1821 870 1878 meis
884 1817 1046 1878 annotatio-

61 1890 151 1954 nibus
161 1891 235 1954 nibil
247 1894 319 1956 dixi.
362 1894 436 1955 Hoc
449 1894 555 1956 deinde
564 1915 638 1956 cum
649 1916 685 1958 err
699 1913 751 1958 tuo
765 1896 875 1974 scripto
886 1893 1047 1974 deprehen·

62 1965 174 2042 dissem,
192 1971 225 2032 in
247 1971 393 2049 ejusmodi
415 1974 489 2034 libro
511 1975 668 2048 contineri,
685 1973 760 2034 mihl
780 1973 879 2034 doluit
891 1971 971 2051 quod
986 1973 1044 2046 jam
1154 2015 1156 2020 -
1195 2049 1199 2057 Ι

64 2045 271 2110 anteduotaut
283 2049 410 2110 tresdiet
424 2071 519 2111 mmm
532 2052 679 2112 censuram
693 2056 915 2127 neumndrffimo,
931 2051 1047 2126 quinae

64 2141 123 2202 pro
145 2143 175 2184 ea
196 2127 315 2205 urgebat
336 2126 507 2189 attulissem:
528 2147 659 2190 ueterum
681 2128 737 2189 lroc
748 2129 868 2189 demum
881 2128 1046 2189 remedium

64 2198 194 2262 adhibui.
213 2225 280 2281 quae
301 2203 339 2264 de
360 2205 543 2284 tuo-scripto
565 2209 694 2284 cognovi
708 2206 828 2268 desuilse
842 2208 875 2266 in
888 2225 954 2266 meo
969 2205 1048 2264 libro

63 2276 232 2344 summatim
253 2284 370 2361 collegi,
390 2283 418 2343 δι
431 2303 501 2344 cum
513 2283 613 2344 eadem
626 2303 691 2360 quae
704 2300 738 2344 tu
751 2281 960 2361 reprehendisti
972 2280 1049 2342 mibi

23 2411 26 2416 .
65 2374 186 2497 auoque
208 2381 269 2420 non
292 2360 410 2420 serenda
432 2362 610 2433 viderentur,
628 2381 660 2420 ea
685 2363 717 2420 in
739 2361 991 2421 breuesarticulos
1004 2378 1049 2418 re·

88 2443 153 2513 egi,
183 2437 368 2517 exposuique
386 2441 612 2516 Revererdrffirnr,
634 2439 687 2515 qui
714 2440 771 2512 jam
794 2438 912 2510 sciebat,
938 2437 998 2496 hee
1013 2434 1050 2496 ad

70 2512 233 2577 Dominum
247 2513 394 2592 Episcopum
406 2514 530 2592 Elransem
541 2534 571 2576 te
585 2513 729 2594 scripsisse,
740 2535 788 2575 me
801 2517 832 2574 in
846 2515 890 2574 his
909 2514 1050 2574 omnibus

73 2593 223 2668 capitibus,
248 2611 313 2670 quae
337 2594 389 2652 illi.
404 2593 559 2654 offerebam
583 2593 614 2654 in
634 2595 765 2654 articulis
777 2609 873 2653 notata
887 2590 1050 2652 consentire

74 2683 187 2744 tecuut,
214 2687 252 2732 ut
272 2687 426 2742 mutarent.
465 2672 500 2731 ln
522 2670 669 2748 prioribus
692 2689 790 2730 autem
812 2667 1052 2729 annotationibus

71 2750 166 2808 omnia
178 2748 350 2826 fermeque
360 2765 390 2810 te
401 2748 596 2824 offenderunt,
615 2770 630 2808 a
641 2769 690 2808 me
703 2749 819 2809 fuerant
831 2747 973 2807 adnotata.
1004 2763 1053 2804 err·

69 2829 199 2901 emplum
209 2827 334 2905 quidem
345 2826 419 2888 adte
433 2848 512 2887 nunc
526 2830 692 2893 mitterem:
712 2825 760 2885 sed
774 2846 832 2886 non
847 2825 936 2884 habeo
950 2825 990 2883 ita
1003 2821 1054 2882 de-

70 2899 224 2981 scriptum,
242 2921 278 2966 ut
289 2904 364 2964 illud
376 2902 468 2982 posses
479 2907 584 2980 legere.
606 2903 739 2985 Tantum
753 2902 817 2963 sum
831 2904 961 2973 miratus,
979 2917 1054 2975 quo-

67 2979 160 3044 'modo
177 2983 352 3061 procerioris
374 2983 413 3042 de
437 2991 609 3040 communiore
626 2989 779 3057 :egrotorum
793 2979 823 3039 id
838 2979 1052 3057 reprehendere,

73 3061 151 3132 quod
162 3061 304 3122 statutum
316 3058 367 3121 est.
400 3059 420 3118 sr
434 3079 469 3120 eo
483 3059 530 3119 die
542 3057 601 3132 snt,
626 3080 686 3136 quo
700 3060 731 3119 in
745 3058 905 3120 Dominico
934 3057 1053 3116 habetur

1 3169 2 3172 ¹
74 3153 154 3198 coerra
163 3139 299 3210 Domini,
309 3154 374 3198 tum
384 3135 513 3197 minister
524 3155 633 3216 partem
648 3137 849 3214 symbolorum
861 3131 959 3195 secum
973 3132 1056 3192 defe-

74 3231 127 3287 rat,
139 3234 225 3294 atque
237 3218 277 3276 ita
291 3215 532 3275 communionem
547 3217 578 3274 in
588 3215 854 3291 domoaegrotantis
867 3209 1056 3272 administret.

73 3309 131 3368 qua
143 3295 174 3354 in
186 3317 218 3357 re
230 3293 262 3354 id
277 3313 325 3352 me
348 3292 481 3363 offendit,
504 3291 584 3370 quod
597 3293 638 3352 ibi
653 3313 713 3350 non
740 3308 886 3364 repetunt,
908 3307 971 3366 quae
986 3308 1058 3365 pre·

71 3371 160 3450 cipue
172 3373 207 3433 ad
223 3391 338 3432 coenam
350 3371 473 3431 Domini
486 3371 641 3449 pertinent.
682 3389 750 3428 cum
775 3389 822 3440 ue,
840 3382 921 3428 utcu
938 3384 1056 3443 quoque

55 3447 169 3524 sentis,
187 3449 311 3510 arbitrer
330 3449 415 3508 verba
435 3468 526 3508 coente
539 3445 680 3523 magistri
695 3445 837 3517 hommes,
858 3465 946 3520 quam
959 3438 1057 3502 autad

71 3546 176 3603 panem
187 3545 239 3588 aut
251 3525 287 3586 ad
299 3527 403 3586 vinum
414 3528 567 3603 pertinere,
581 3527 684 3585 monui
697 3527 818 3584 omnino
829 3524 903 3586 mihi
916 3521 1008 3581 videri
1021 3535 1058 3606 ut

71 3623 171 3668 coram
195 3621 318 3683 aegroto,
337 3605 366 3664 δι
388 3605 473 3663 srmul
496 3623 564 3663 cum
587 3623 622 3662 eo
646 3601 934 3666 communicantibus
959 3614 1058 3656 omma

67 3701 137 3767 quo
158 3682 197 3748 ad
209 3701 325 3746 coeuam
337 3679 461 3743 Domini
473 3678 628 3742 necessario
641 3680 852 3756 requiruntur,
873 3679 901 3738 dc
915 3675 1059 3740 dicantur.

1030 3750 1060 3816 dc
