2702 4442
197 111 259 214 72
300 74 923 204 praenarratur
965 62 1148 174 rrrA.

191 261 292 336 tum,
308 232 429 328 Biblia
443 233 682 337 Armeniaca,
707 229 876 346 aliosque
893 238 926 316 S.
941 233 1223 344 scripturatum

188 346 323 450 libros,
352 343 554 456 separatim
569 345 666 430 olim
684 345 824 446 editos,
856 343 970 429 inseri
998 370 1153 446 curans,
1180 365 1223 428 ut

188 463 274 546 loca
289 460 506 570 jamoculis
526 456 631 540 simul
659 460 891 542 incurrentia
915 458 1090 542 faciliori
1104 457 1217 570 operi

187 569 412 671 conferret,
454 575 495 656 8(
527 572 692 672 certiori¹
712 569 858 681 judicio
889 575 1146 680 exploraret:
1173 565 1220 654 ad

188 709 300 773 oram
315 703 429 776 notas
448 683 610 766 Criticas
625 684 843 782 &Scholia
874 680 1218 794 verfionibusquo-

188 822 291 992 pue,
331 794 520 910 precipue
544 795 704 895 uraca,
741 791 921 896 Arabitai,
962 796 1150 904 Syriaci,
1182 796 1225 882 dt

222 907 444 995 eotateuclri
470 907 719 1006 Samaritani,
762 932 850 990 cum
883 907 1069 1018 originali
1104 929 1229 1010 team,

188 1044 279 1106 cum
298 1015 499 1105 codicibus
521 1023 621 1100 MSS.
641 1022 683 1101 8(
699 1017 947 1128 cumscriptis
965 1023 1125 1102 Panum
1139 1018 1229 1101 sub-

189 1132 281 1218 inde
293 1131 457 1232 collatis,
486 1127 617 1244 pafflm
636 1127 849 1243 congeffit:
877 1132 969 1214 inde
991 1132 1034 1214 in
1052 1131 1123 1214 iria
1138 1133 1227 1213 lici·

191 1247 344 1332 tatione
362 1244 490 1354 pretio
521 1242 632 1332 valde
657 1243 835 1329 adaucto.
891 1243 1072 1328 Tandem
1092 1251 1146 1326 0.
1163 1248 1228 1330 W.

190 1361 340 1457 Danus,
368 1354 481 1465 ipfius
509 1353 663 1465 hospes,
692 1360 733 1444 8(
753 1359 818 1468 qui
848 1357 952 1440 illurn
983 1383 1034 1444 ex
1064 1359 1227 1442 liollan·

190 1469 473 1552 dilcomitatus
503 1467 568 1567 eli,
609 1466 753 1552 oblatis
782 1469 926 1578 viginti
944 1465 1051 1550 libris
1076 1465 1228 1553 sterlin-

191 1583 302 1692 gicis‚
330 1579 504 1663 suumin
519 1583 574 1691 jus
591 1575 755 1680 assernit,
787 1579 971 1692 postridie
991 1581 1157 1688 triginta
1174 1579 1228 1668 ab

191 1697 338 1805 aliquo,
388 1711 431 1772 nt
466 1692 510 1774 in
539 1689 665 1802 ipsum
701 1692 966 1776 transferretur
1026 1695 1224 1804 cupiente,

193 1824 460 1921 percepturus:
497 1801 561 1886 sed
588 1805 652 1887 ille
681 1803 924 1890 conditiones
947 1799 1034 1890 istas
1058 1804 1224 1890 lucrosae

192 1913 381 2026 generoso
408 1915 554 2016 anirno,
595 1917 643 2002 de
672 1923 804 2000 valore
831 1921 871 2007 8(
899 1917 1093 2024 dignitate
1121 1919 1226 2006 istius

193 2031 350 2114 literarli
371 2027 608 2134 mercimonii
637 2025 703 2111 srbi
733 2027 821 2112 saris
839 2027 1023 2118 conscius.
1057 2028 1227 2120 omninit

194 2139 388 2231 aversatus
415 2137 480 2238 est,
510 2138 676 2250 patriam
697 2139 802 2224 suam
820 2161 930 2230 tanto
958 2140 1149 2228 thesauro
1164 2143 1226 2225 di·

192 2273 351 2336 taturus.
406 2249 477 2336 Sed
504 2276 660 2338 manum
689 2254 738 2336 de
768 2251 910 2358 tabula,
936 2280 1057 2370 quam
1076 2250 1222 2367 suscepi

193 2361 477 2454 delineandam..

248 2484 306 2561 lta
339 2481 390 2558 D.
419 2475 599 2560 Bernardi
629 2476 737 2560 fama
764 2476 950 2573 litaturus,
988 2477 1220 2564 memoriam

192 2590 274 2698 ejus
300 2587 420 2670 literis
457 2587 661 2688 mandare,
705 2591 885 2699 illumque
916 2599 1108 2697 tanquam
1141 2592 1221 2698 pul·

193 2706 331 2783 chrum
349 2703 389 2782 8(
412 2698 577 2784 amabile
605 2699 808 2799 industria,
838 2695 1024 2796 studiosa,
1056 2697 1221 2788 summi·

192 2835 267 2925 que
293 2839 379 2895 cum
399 2813 685 2921 tranquillitate,
714 2817 754 2903 8(
782 2810 937 2921 quidem
956 2808 1115 2899 summo
1134 2839 1216 2894 cum

192 2927 346 3007 honore
365 2931 404 3007 8(
432 2925 563 3032 patriae
593 2927 632 3004 8(
663 2927 856 3013 literarum
875 2924 915 3003 in
947 2919 1096 3008 umbris
1123 2929 1215 3006 Aca·

196 3037 356 3118 demitis
400 3035 591 3118 transaiiae
631 3038 719 3117 vitae
755 3038 949 3145 exemplar
998 3059 1222 3148 proponere

192 3147 383 3229 constitui.
444 3153 552 3229 Hanc
584 3149 912 3258 parmenionem,
951 3167 993 3229 ut
1024 3171 1067 3231 ut
1091 3151 1222 3232 laxam

192 3263 234 3341 8(
253 3258 504 3356 inconditam,
545 3259 677 3342 forsan
710 3286 789 3344 uon
820 3258 918 3349 male
946 3259 1223 3372 interpretabi-

193 3393 254 3453 tur
283 3398 387 3482 aequa
413 3372 621 3481 posteritas,
666 3370 805 3472 saltem,
838 3372 896 3456 uti
925 3367 1049 3482 spero,
1094 3399 1219 3458 meam

192 3511 282 3594 erga
297 3487 419 3567 Amici
437 3484 607 3566 defundi
627 3509 756 3566 manes
777 3484 958 3594 pietatem
982 3486 1023 3567 8<
1042 3482 1215 3572 affettun

193 3593 861 3708 piequoque&benigneexcusabit.
893 3593 1219 3682 westmonasterii

193 3713 333 3806 XVlll.
361 3707 610 3814 Nouembris,
639 3714 684 3812 ll.
701 3711 746 3812 Ο,
763 3705 1107 3806 CDDCXCVHI.

1002 3937 1223 4062 iijlimonr'r
