2606 4454
231 299 882 389 ErrsronnSnurcrn.
960 325 1047 416 131

1 497 2 500 ‘
42 463 219 558 Leonem
236 468 349 579 quod
368 469 538 576 attinet,
574 465 788 554 deductum
805 469 828 554 :l
847 467 1055 580 Trojanisr

43 609 329 718 Aquitanicisr
350 605 622 697 Normannit‚
651 603 965 702 Viennensibus,
1002 643 1052 694 se„

43 773 127 856 que
147 745 233 828 haec
250 749 400 830 incerta
420 745 507 828 sunt
529 783 541 839 ς
592 774 660 826 cur·
679 773 762 828 non
785 746 1053 860 &Principes

41 882 98 966 ad
115 883 418 968 fimilitudinem
438 883 661 966 vicinorum
681 906 755 993 pro
784 903 895 967 more
922 882 1052 996 lump⁴

42 1019 179 1106 serunt
201 1023 272 1106 suo
294 1020 367 1106 fibi
385 1019 571 1104 arbitratu
590 1019 658 1102 illo.
676 1021 843 1131 insignia
862 1071 875 1111 ‚
919 1022 1051 1131 aliqua

42 1158 304 1243 distindiione
323 1207 336 1248 2
370 1187 422 1242 ne
440 1159 567 1241 aliena
595 1157 788 1267 usurpalle
807 1157 1054 1246 viderenturs

47 1294 256 1382 adhibita?
274 1296 409 1405 Qare
425 1295 584 1379 aliunde
595 1293 791 1379 dedueta?
826 1301 892 1376 An
911 1302 1052 1380 omneu'

47 1433 263 1519 alienarum
285 1459 415 1516 rerum
434 1455 720 1542 occupa-tores,
757 1430 912 1546 tyranni
933 1439 972 1511 &
990 1431 1051 1511 in·

48 1571 207 1656 vesores
223 1569 396 1657 habendi
418 1576 434 1651 ?
479 1580 519 1653 δε
548 1571 670 1683 longe
688 1572 806 1680 petiti
824 1567 949 1678 magis
967 1569 1052 1677 pla*

48 1711 165 1794 cent?
203 1707 371 1798 scilicet,
408 1695 540 1792 nullus
556 1708 596 1789 in
617 1708 743 1817 patria
759 1705 958 1817 propheta
984 1706 1051 1788 est.

1 1949 2 1952 p
48 1851 171 1930 Anne
191 1845 530 1959 aliquisindigena
546 1869 682 1928 contra
701 1847 836 1955 patriae·
854 1840 1053 1927 invasores

47 1982 152 2093 eligi
178 1983 201 2063 i
225 1978 381 2092 populo
399 1985 441 2066 in
463 1984 601 2068 ducem
620 1981 787 2094 potuit?
831 1979 893 2065 vel
923 1979 1051 2064 aulam

51 2118 320 2230 militiamque
346 2115 541 2229 majorum
572 2121 799 2230 principum
827 2121 976 2202 secutus
995 2119 1052 2200 ob

48 2262 245 2343 virtutem
273 2257 668 2366 moderationemque
702 2256 750 2338 ad
780 2255 1051 2368 praefcdluratn

50 2395 286 2510 pervenire,
320 2396 390 2502 qui
409 2397 614 2504 paullatim
637 2394 698 2476 vel
719 2392 861 2502 sponte
880 2392 1023 2502 populi
1040 2435 1052 2479 r

49 2534 113 2619 vel
139 2534 326 2644 Regibus
344 2535 614 2616 annitentibus
638 2530 686 2613 ad
712 2531 867 2612 culmen
888 2528 1055 2612 honorio

51 2669 331 2756 adscenderet?
344 2670 396 2749 lic
415 2664 1051 2758 antenostrurnseculumEmdcn·

49 2810 157 2893 [rbus
177 2807 362 2916 contigit.
432 2807 535 2888 Non
557 2807 749 2888 nescimus
779 2806 874 2912 quid
892 2804 1055 2888 Tacitus

52 2947 409 3032 deGermanorum
427 2945 711 3028 moribusolim
735 2942 887 3035 retulit3
924 2941 1055 3048 quiin

55 3085 165 3168 bello
185 3081 259 3162 fibi
278 3078 408 3162 Duces
428 3081 628 3194 eligebant
646 3093 658 3172 ,'
695 3107 826 3189 eoque
847 3078 963 3159 finito
976 3080 1055 3186 pri⁴

51 3241 240 3306 vatorum
257 3215 377 3300 instar
394 3215 552 3300 eosdem
564 3219 783 3308 habebant,
822 3219 891 3324 qui
912 3238 992 3296 tum
1009 3243 1058 3296 οε·

48 3359 166 3472 quali
184 3383 275 3438 cum
293 3359 443 3438 coeteris
460 3355 544 3464 jure
563 3354 761 3434 vivebant.
834 3357 893 3434 lix
915 3355 1059 3434 talibus

46 3495 223 3584 tandem
240 3491 304 3573 vel
325 3493 543 3586 ambitione
560 3491 698 3580 duell,
743 3489 805 3572 vel
829 3487 971 3594 injuria
1000 3487 1061 3568 in*

48 3635 201 3725 citati,
246 3629 311 3714 vel
341 3628 478 3714 favore
503 3633 791 3740 imperatorum
812 3651 878 3711 aut
898 3631 1069 3734 Regum

628 3765 645 3844 l
686 3789 705 3842 2
970 3757 1064 3868 (qui
