2612 4450
206 144 263 212 ω
338 108 403 204 D.
440 103 498 198 tt.
538 89 1093 196 HUNTINGTONI

194 270 274 358 leur
294 265 442 354 Orbem
469 257 732 366 famosissimo,
769 263 812 348 &
842 262 1090 350 infinitorum
1112 289 1211 376 poene

194 381 441 466 voluminum
451 377 625 462 Parente.
681 372 883 478 Accersrvi,
899 381 959 462 uti
972 374 1096 492 jubes,
1110 380 1212 464 Corn

72 589 82 602 ,
194 494 383 580 mentatia
400 487 480 592 sua,
507 506 704 601 quotquot
725 483 913 576 habemus
932 487 1129 603 impressa,
1154 517 1205 573 ve·

194 605 277 691 stris
294 602 378 690 usui
391 605 432 686 &
446 597 692 686 bibliothecae
706 597 899 690 sacranda.
961 607 1011 688 Er
1029 603 1058 687 fi
1077 605 1204 717 quialii

122 767 125 775 =
194 741 314 830 penes
331 741 404 799 nos
422 713 492 799 sint
517 710 663 814 libelli,
692 713 888 824 Dignitati
918 731 990 799 tuae
1020 715 1118 823 (uti
1132 743 1204 800 rou·

193 829 327 941 jet'rari
355 826 490 938 liceat)
518 824 654 909 idonei
671 825 870 936 utilesque,
897 830 1038 915 titulos
1065 849 1207 940 quanto

195 967 290 1048 cyus
307 937 447 1039 scribe,
476 941 529 1042 δι,
558 934 789 1024 secundante
808 943 911 1041 De0,
940 969 1021 1026 non
1034 943 1110 1027 diu
1124 968 1213 1026 care

194 1051 257 1138 bis
284 1053 445 1162 integris
470 1047 665 1162 operibus.
721 1052 846 1136 Sanni
875 1056 1019 1165 Ignatii
1035 1055 1214 1164 Epistolas

196 1192 283 1254 nou
300 1163 394 1251 alibi
419 1162 761 1275 reperio,.8yriace
778 1161 915 1266 versas,
941 1168 1033 1250 licet
1049 1167 1104 1252 ab
1124 1165 1216 1253 Ebed

196 1275 287 1387 Jesu
308 1278 350 1361 iu
365 1278 561 1390 Catalogo
575 1271 660 1374 suo,
684 1293 727 1359 ut
740 1273 873 1386 probae
890 1297 1005 1382 notae,
1029 1277 1165 1368 recens
1201 1327 1216 1342 ·

84 1385 89 1390 ’
198 1409 289 1472 tur:
316 1385 480 1502 ideoque
503 1390 544 1470 in
571 1403 608 1468 te
635 1384 718 1497 spes
743 1414 826 1473 mea
854 1389 918 1492 est,
945 1396 987 1478 8<
1003 1394 1115 1504 quod
1131 1391 1215 1476 liber

195 1500 314 1585 cedro
347 1501 486 1612 dignus
516 1495 654 1582 Libani
671 1500 770 1611 jugis
796 1498 953 1586 debebit
983 1502 1216 1590 resurretiio-

198 1639 291 1696 nem
324 1609 429 1696 suam
458 1616 499 1693 ὃ(
527 1612 869 1697 immortalitatem.
940 1620 1002 1700 De
1040 1619 1218 1707 Zacharia

197 1726 411 1825 Maronita,
439 1721 676 1808 Alexandria
706 1724 922 1831 Sacerdore,
954 1755 1035 1812 non
1060 1729 1215 1814 memini

199 1863 262 1933 me
283 1836 430 1948 aliquid
452 1861 622 1946 unquam
645 1831 810 1944 dixisse,
838 1839 1003 1951 ideoque
1022 1843 1098 1928 hac
1116 1845 1156 1928 in
1180 1867 1215 1924 re

199 1947 373 2061 ignoscas
390 1974 538 2060 precor,
563 1950 604 2030 &
622 1947 740 2031 etiarn
757 1972 872 2064 atque
891 1953 1008 2040 etiam
1021 1950 1214 2042 benedicas

240 2305 296 2414 μ.
313 2313 361 2366 ιῃῃο
406 2327 429 2368 ι.
640 2280 947 2398 Reverendiffime
964 2288 1136 2395 Domine,

736 2494 820 2580 Uli
836 2492 1074 2610 devotiffinro,
