2606 4454
201 299 517 384 Euenor-n
556 298 855 383 Sunacrn.
935 322 1019 406 133

22 460 252 575 tiquitatem
286 460 540 573 presentibus
573 461 751 546 moribus
796 489 1022 574 corrumpe-

21 624 134 689 rent,
168 605 211 682 &
229 625 318 711 quae
334 597 510 710 ipsorum
528 621 707 710 ternpore
726 595 873 682 fiebant
895 650 909 692 ,
942 601 1021 711 pri-

20 739 157 824 oribus
182 736 428 851 affingerent.
507 733 775 818 Heraldorum
819 731 906 846 (ut
945 765 1019 821 vo-

20 875 143 990 cant)
189 875 274 959 otia
305 871 371 956 his
404 874 532 985 magis
557 896 748 984 occupata
766 873 864 957 olrm
885 874 1019 967 fuere,

21 1015 106 1098 non
126 1033 170 1096 ut
200 1011 322 1096 claras
339 1009 566 1122 Principum
595 1010 769 1123 origines
792 1009 1020 1107 redderent,

23 1148 87 1233 sed
98 1147 241 1234 fabulis
258 1147 425 1242 ssmiles,
460 1145 560 1234 adeo
570 1169 615 1231 ut
625 1148 807 1233 omnium
824 1177 930 1232 nunc
945 1179 1021 1262 po-

25 1287 205 1398 pulorum
233 1286 453 1400 principum
478 1284 810 1396 familiariumque
827 1287 1022 1400 principia

26 1424 263 1511 laborent&
279 1450 362 1507 non
382 1450 465 1509 uno
483 1421 658 1506 Hercule
678 1421 915 1537 indigeant,
951 1427 1022 1538 qui

29 1561 123 1647 hanc
139 1562 310 1645 Lernam
328 1581 481 1673 purget.
529 1560 596 1643 Tu
616 1612 628 1653 ,
673 1559 850 1644 Scriveri
870 1612 882 1656 ,
918 1565 1025 1646 Zue-

30 1705 125 1791 rius,
160 1699 326 1808 Vofflus2
362 1697 505 1806 quibus
520 1697 717 1793 sufficiunt
734 1700 869 1790 vires,
906 1707 945 1781 ὃ(
963 1700 1020 1784 fa-

29 1858 92 1920 vet
109 1833 293 1920 blandior
311 1867 356 1920 ac
380 1832 578 1919 faventior
593 1836 648 1921 est
675 1836 850 1945 Apollo,
885 1859 930 1920 ut
959 1837 1020 1921 in-

30 1972 199 2086 cepistis,
236 1976 413 2086 pergite,
432 1973 560 2056 lucem
576 1975 685 2059 brevi
698 1972 918 2056 videbimus
934 2003 1037 2063 om-.

31 2110 142 2195 nibus
159 2109 362 2195 nubeculis
386 2114 549 2193 remotis
567 2108 821 2204 sereniorem,
859 2137 960 2221 quae,
981 2137 1020 2214 te

31 2247 182 2358 praefide
199 2299 211 2342 ,
230 2274 311 2356 Jam
331 2246 480 2331 dudum
500 2247 631 2332 radios
647 2248 823 2330 veritatis
840 2252 1020 2336 emittere

33 2390 153 2497 coepit.
224 2387 281 2470 At
308 2387 450 2469 iterum
477 2412 699 2497 evagamur.
773 2387 1019 2499 Aprincipi-

35 2523 94 2605 bus
110 2524 157 2608 ad
170 2521 442 2607 Nobilitatem
460 2522 661 2606 veniamus
678 2560 690 2614 3
726 2521 1035 2633 eapotillimam¹
1106 2633 1108 2638 ι

34 2658 75 2743 ab
89 2659 202 2744 annis
217 2660 336 2744 habet
355 2655 577 2773 originem,
613 2680 755 2769 utpote
774 2659 843 2767 qui
863 2661 964 2742 bene
982 2662 1020 2745 se

35 2793 269 2906 fideliterque
282 2795 323 2878 in
345 2797 451 2882 bello
474 2798 685 2910 gerebant,
720 2799 878 2904 praemia
897 2799 1018 2882 virtu-

35 2934 76 3016 tis
97 2936 303 3046 capiebant
329 2921 538 3022 Baltherim
566 2931 828 3042 Equestrem3
874 2934 1018 3018 horum

34 3069 183 3178 posteri,
209 3071 333 3183 vulgo
344 3071 544 3181 exempti,
580 3069 736 3152 nobiles
763 3065 1016 3167 dicebantur,

32 3205 279 3320 inligniorum
298 3210 586 3314 nominumque
597 3207 868 3316 praerogativis
882 3209 1018 3297 distin-

31 3345 269 3454 guebantur,
316 3344 443 3430 donec
464 3345 528 3425 vel
549 3345 603 3427 ob
624 3344 825 3454 ignaviam
843 3346 904 3430 vel
922 3379 1017 3460 pau·
1120 3379 1145 3416 .·

31 3502 207 3588 pertatem
230 3479 340 3565 fatali
357 3509 484 3568 rerum
503 3478 646 3564 ordine
665 3475 908 3575 desinerent,
945 3515 1018 3565 no-

33 3617 135 3730 vique
154 3615 296 3705 iisdem
317 3620 464 3707 artibus
486 3620 715 3706 orirentur,
760 3621 807 3702 ea
835 3617 1020 3704 viciffitu-

667 3752 688 3836 Ι
713 3779 731 3872 3
930 3755 1023 3847 dine
