2606 4454
235 249 541 340 Errnrorm
576 239 866 344 S‘n'en'er'n.
949 265 1044 363 165

45 422 89 510 in
105 415 255 510 silentii
273 445 425 507 moram
441 447 527 504 non
545 417 782 506 incidissem·
853 410 1047 505 Gratulor
1229 433 1231 436 ’

43 559 120 646 tibi
147 557 305 646 sanitati
329 581 406 644 tuae
432 556 624 643 restituto.
693 553 812 642 Faxit
835 554 944 640 Deos
966 560 1044 644 irn-

42 693 258 788 mortalis‚
301 702 347 780 ut
364 693 513 780 illustre
529 689 628 780 illud
656 700 698 775 &
713 690 909 780 excellens
924 713 1045 811 caput

1 941 2 948 Ν
40 836 86 918 in
115 833 287 947 longum
324 859 452 917 aevum
489 831 704 942 patriaeque
729 851 1042 921 ornamentum,

28 967 273 1084 'pancratiee
291 969 425 1063 valens
452 965 646 1054 extollere
671 993 842 1079 pergas,
885 969 1012 1080 magis
1030 1009 1062 1062 ,x

1 1140 2 1145 Ν
43 1107 259 1224 magisque
327 1105 491 1194 Interest
507 1103 711 1197 omnium,
747 1102 844 1189 stare
860 1105 1048 1217 Rempu·
1215 1175 1220 1186 ,

21 1245 229 1338 ,blicamr
262 1249 305 1326 δι
333 1241 583 1354 Reipublicae
616 1239 806 1354 superesse
842 1242 961 1331 talem
989 1245 1046 1328 ci·
1204 1274 1213 1292 ·

44 1410 139 1470 vem
159 1431 173 1474 ,
209 1378 368 1490 qualem
387 1401 428 1462 te
442 1379 594 1490 semper
614 1426 627 1468 ,
672 1405 763 1462 curn
782 1377 941 1490 stupore
958 1409 1046 1468 om·

46 1521 159 1605 nium
179 1526 221 1609 &
236 1515 521 1608 admiratione,
557 1510 751 1627 professus
767 1541 822 1601 es.
860 1515 1046 1630 Langue-

47 1657 143 1748 bant
161 1650 433 1746 Dordrechtir
466 1650 659 1766 languore
677 1673 779 1744 tuo,
815 1673 1048 1767 quotquot,
1225 1735 1228 1744 Δ

49 1815 90 1879 te
107 1781 290 1881 ualenter
324 1789 469 1875 valent.
516 1787 614 1880 Vidi
624 1788 731 1902 apud
748 1789 1046 1902 Ampliffunum

49 1927 261 2024 cattum,
303 1945 415 2016 tuum
430 1955 476 2020 ac
495 1951 627 2016 meum
643 1922 890 2038 Hospitem,
937 1951 1048 2016 tuam

51 2065 284 2179 Mediceam.
354 2061 458 2149 Non
472 2063 552 2148 hoc
566 2064 786 2176 exprimere
803 2062 1046 2172 majestatem

49 2203 198 2318 regiam
213 2201 302 2317 est,
343 2200 410 2292 ,sed
427 2227 569 2316 augete
588 2238 605 2298 t
646 2229 732 2284 non
759 2203 937 2314 assequi,
981 2201 1048 2297 sed
1229 2303 1235 2320 ι

49 2341 239 2452 prestare.
308 2338 412 2424 Non
432 2340 526 2422 talis
551 2363 625 2448 per
643 2338 833 2454 Phrygias
855 2339 1048 2456 Berecyn-

51 2477 134 2566 thia
158 2496 295 2589 portas
327 2474 431 2566 ivit,
477 2495 584 2564 utut
619 2497 734 2588 partu
762 2496 825 2568 tot
853 2477 1048 2563 celebrata

50 2613 197 2703 Deum.
242 2639 328 2698 non
344 2614 455 2724 paria
472 2613 549 2696 tibi
568 2607 786 2698 Brabantus
804 2614 900 2698 fecit
917 2665 930 2706 ,
973 2642 1048 2700 nec

15 2845 20 2859 ,
50 2753 166 2840 faciet
193 2749 362 2864 Anglus.
432 2751 558 2863 Perge
587 2749 639 2836 fic
668 2749 810 2840 Patriae
836 2750 1050 2862 superesse,¹

51 2889 319 2977 eruditionum
338 2903 483 2998 pater,
530 2895 571 2968 &
590 2887 702 2997 quod
719 2889 933 2980 miremur,
969 2891 1051 2972 cui·

52 3055 127 3140 que
145 3025 339 3110 Veterum
364 3027 709 3135 recentiorumque
735 3025 918 3109 meritum
940 3025 1049 3136 post*

52 3186 269 3280 ponamus,
293 3160 394 3276 grati
412 3159 892 3274 Belgae‚indiesextrude.
927 3164 1050 3280 Opus

47 3301 228 3391 nostnun
249 3325 484 3392 commune,
520 3296 632 3408 quod
648 3297 890 3384 Dordrechti
911 3299 1050 3413 impri-

47 3441 195 3532 mitur,
230 3435 275 3524 in
291 3434 507 3520 voluminis
528 3435 698 3524 formam
715 3437 933 3530 excrescere
952 3439 1053 3522 inci-

47 3580 123 3691 pit.
159 3597 229 3662 tua
245 3572 384 3666 omnia
402 3571 580 3664 absoluta
598 3573 709 3668 sunt,
723 3572 934 3694 sequantur
949 3587 1052 3666 mear

604 3709 641 3793 L
679 3738 701 3824 3
922 3725 958 3744 ''
1007 3733 1054 3794 ut
