2654 4466
308 221 387 310 ,²⁹4
456 197 1234 300 connnuonnrnranumna.

306 332 406 390 nente,
426 335 460 376 ac
480 311 695 376 demonstrante
714 309 858 376 dicemus.
897 313 972 378 Sunt
989 313 1035 378 illi
1047 313 1104 392 qui
1117 313 1258 378 domums

304 393 430 454 domum
441 393 639 472 conjungunt,
666 393 718 470 qui
729 392 843 472 rapinas
857 411 1019 474 pauperum
1033 409 1207 486 congerunt,
1231 411 1247 470 q

302 470 437 550 §rudium
459 490 563 532 eorunm
585 468 721 538 mriffime
744 469 914 532 comedunt.
957 469 1029 534 llaec
1051 469 1127 533 dicit
1140 471 1274 538 Dominus

305 567 360 634 pet
382 545 491 626 Esaiam
514 547 692 690 effictam:
716 567 771 610 nos
793 550 923 632 apertius
945 549 1114 628 loquemur.
1155 543 1273 612 Suntilll

188 663 193 670 -
302 628 359 706 qui
385 625 476 688 hodie
500 643 535 706 pa
600 671 609 700 ,
640 627 673 688 in
699 627 809 702 Anglta,
839 626 948 708 predia
975 628 1195 708 Menaficrz'erum,
1222 641 1273 706 gra·

303 702 424 766 villimis
446 706 552 767 annuis
576 701 720 766 reditibus
743 722 897 768 auxenuit.
936 701 1021 770 Hinc
1040 705 1271 766 omniumretun

305 781 461 846 exaudium
487 783 638 862 pretium:
676 781 718 844 bii
732 779 865 844 homines
880 783 1011 860 expilant
1023 797 1118 844 totam
1141 779 1272 860 Rempub·

300 857 404 924 licam.
444 857 552 924 Villici
568 860 597 922 δι
611 859 711 924 coloni
724 861 870 933 universi,
893 861 1035 934 laborant,
1066 875 1199 940 parcunt,
1222 871 1271 918 cor·

303 937 421 1012 radunt,
450 956 486 1000 ut
498 935 560 1000 istis
572 935 759 999 sansfaciant.
796 937 866 998 hinc
879 935 985 1018 singuli
997 959 1034 999 co
1100 943 1149 1003 tur
1172 931 1271 1016 squit

305 1015 468 1098 imponere,
503 1016 533 1078 bt
565 1016 701 1078 universa
732 1013 909 1098 Respublica
942 1021 1022 1096 gravi
1089 1037 1106 1076 e
1137 1015 1271 1098 preminu-

303 1088 389 1160 Hinc
412 1111 460 1156 tut
481 1091 603 1156 familie
625 1091 771 1174 dillipate‚
791 1112 838 1158 tot
856 1093 963 1156 domus
982 1095 1126 1176 collapses,
1153 1109 1197 1154 tot
1207 1107 1271 1151 com·

304 1193 414 1238 munes
424 1171 531 1234 mense
542 1189 594 1232 aut
605 1173 663 1251 jam
676 1173 773 1246 nullae,
801 1189 853 1234 aut
866 1174 896 1232 in
907 1174 1030 1252 angulos
1042 1174 1072 1235 dc
1087 1169 1204 1234 latebras
1216 1187 1272 1229 con·

302 1251 402 1320 clusae.
444 1249 533 1312 Hinc·
546 1250 628 1330 quod
647 1251 783 1312 omnium
803 1248 1003 1312 miserrimum
1021 1249 1072 1324 est,
1098 1249 1195 1312 nobile
1210 1239 1272 1306 illud

304 1327 398 1394 decus
418 1327 447 1391 dt
468 1329 560 1390 robur
579 1329 695 1401 Angde,
715 1347 836 1400 nomen,
863 1330 994 1406 inquam,
1009 1333 1177 1386 romanarum
1191 1323 1271 1398 Angit·

305 1427 367 1469 tum
387 1405 513 1472 stadium
527 1405 705 1468 &collisum
719 1402 769 1466 esl.
810 1407 850 1468 Et
861 1405 921 1467 haec
935 1408 1025 1466 etiam
1039 1403 1153 1468 miseria
1165 1403 1272 1464 maxime

305 1483 451 1562 redundat
473 1483 509 1546 td
534 1483 664 1544 rudiores
688 1483 828 1556 ejusdem.
876 1481 1126 1563 Quotusquisque
1147 1482 1221 1543 enim
1240 1473 1271 1536 ell

305 1580 505 1624 mercatorum
519 1561 727 1639 Londinenssum,
746 1560 790 1622 hii
814 1561 949 1624 homines
971 1561 1046 1624 hanc
1068 1560 1211 1623 miseriam
1228 1573 1272 1614 ut·

305 1639 390 1706 tifice
414 1641 610 1712 concitarunt,
631 1639 685 1715 qui
709 1658 771 1700 non
797 1637 957 1716 angustius,
977 1642 1099 1702 tenuius
1124 1629 1272 1716 &preffius

307 1715 367 1784 biis
380 1716 567 1797 temporibus
590 1716 678 1790 vivit,
702 1735 790 1795 quam
814 1738 883 1778 cum
902 1715 969 1796 palsr
987 1715 1058 1778 sunt
1071 1717 1144 1778 alios
1157 1711 1271 1800 homines

307 1797 431 1856 vivere?
470 1797 548 1856 Nam
561 1795 632 1867 vita,
659 1814 723 1874 quae
735 1811 817 1855 nunc
830 1796 942 1857 vivitur
954 1816 968 1856 a
982 1795 1129 1874 plurimis,
1148 1801 1271 1855 nonum

306 1871 359 1942 sed
369 1872 484 1935 miserit
494 1870 543 1934 est.
583 1869 677 1946 Tum,
694 1892 797 1934 omnes
810 1893 856 1933 res
868 1871 1006 1952 parabiles
1022 1874 1052 1936 δι
1065 1870 1178 1932 venales
1190 1879 1269 1930 mant:

306 1953 440 2039 pretium
463 1971 564 2012 rerum
586 1949 771 2012 moderatum
793 1970 863 2012 erat.
903 1951 994 2012 Nunc
1015 1949 1143 2089 plurimi
1165 1949 1194 2009 in
1211 1941 1269 2004 bunt

309 2049 402 2090 unum
427 2049 528 2090 cutum
554 2027 752 2102 incumbunt,
776 2028 929 2106 quomodo
956 2029 990 2088 nd
1029 2027 1160 2090 atiandos
1179 2035 1290 2106 paucos.

308 2111 496 2183 mercatores,
522 2107 689 2186 pecuniam,
719 2124 810 2186 quum
832 2127 891 2168 non
907 2105 1024 2178 habent,
1054 2093 1270 2188 quoquomodo

308 2183 471 2246 corradant.
523 2183 687 2260 Quomodo
717 2183 778 2248 brac
810 2205 855 2245 res
881 2185 972 2264 fregit
997 2185 1052 2245 Rei
1075 2184 1178 2246 ublicae
1201 2189 1271 2260 vireu

306 2257 465 2340 'quomodo
477 2259 659 2326 stomachum
672 2281 792 2326 omnem
807 2263 1017 2324 &facultatem
1034 2206 1074 2322 ad
1084 2263 1190 2323 bellurn
1203 2245 1271 2314 sulb-

307 2337 442 2402 uendum
456 2337 583 2412 abstulit,
609 2342 760 2422 quomodo
773 2361 850 2402 nova
867 2341 956 2412 furta,
983 2341 1011 2400 ἃ
1028 2341 1172 2400 inauditas
1183 2327 1271 2394 intole-

307 2417 420 2482 tantias
439 2418 562 2492 invexit,
581 2419 672 2480 nimis
694 2421 820 2500 longum
836 2415 906 2480 esset
925 2419 1103 2496 percensere.
1143 2413 1207 2474 lloc
1222 2419 1271 2467 om·

309 2515 391 2560 nese
432 2498 579 2568 eriuntur,
600 2497 745 2558 infinitam
758 2498 895 2558 omnium
907 2496 1055 2557 miseriam
1066 2493 1130 2556 else.
1155 2487 1273 2550 bubona

309 2575 357 2638 illi
370 2581 409 2632 Ba
421 2576 520 2653 ylrnicr'
540 2574 593 2713 aui
614 2577 713 2639 lucem
734 2575 861 2636 oderunt
872 2575 1090 2650 Evangelicnm,
1114 2587 1202 2631 totam
1212 2561 1271 2624 bunt

311 2653 505 2715 calamitatem
524 2674 539 2714 a
562 2671 664 2732 rgnnnt
675 2654 817 2713 relucenti
833 2673 906 2713 verae
920 2651 1070 2714 doetrinae.
1092 2648 1146 2710 Sed
1159 2647 1214 2706 hac
1225 2653 1271 2698 νοΐ

311 2728 421 2792 norum
447 2730 602 2792 bominum
625 2752 700 2792 nova
715 2752 773 2790 non
793 2729 851 2792 est:
873 2731 907 2789 ad
922 2728 998 2790 bunc
1013 2729 1137 2792 modum
1152 2721 1202 2784 sub
1213 2719 1272 2792 lege.

310 2825 412 2870 contra
422 2807 598 2888 Prophetas:
622 2808 717 2870 &sub
730 2809 839 2876 Gratia,
864 2807 999 2868 nascente
1014 2810 1073 2878 inm
1086 2799 1205 2866 Ecclesia
1216 2807 1273 2854 con·

309 2903 355 2946 nu
379 2883 561 2964 Apostolos.
592 2887 787 2948 vociferatum
813 2881 862 2946 est.
906 2885 1029 2961 Quanto
1055 2884 1150 2946 sanius
1175 2871 1272 2966 insanu⁵

310 2963 366 3023 ille
392 2961 469 3042 apud
492 2965 634 3040 Sophoclem
657 2973 741 3042 Ajaaq
761 2965 812 3040 qui
838 2962 913 3022 dona
935 2964 965 3024 δι
990 2963 1082 3042 spolia
1101 2960 1272 3034 inimicorum

311 3039 416 3100 damna
436 3037 491 3101 elle
510 3041 656 3104 ducebat?
696 3041 771 3102 Hoc
784 3042 874 3121 spolia
889 3046 1008 3117 βψω)
1023 3041 1180 3118 Scripturae
1192 3021 1272 3087 verbu

311 3119 475 3189 utimum&
490 3117 550 3179 haec
563 3118 638 3179 bona
650 3123 869 3198 Manastem'orurn,
891 3117 1142 3195 quemadmodum
1152 3109 1220 3170 oIIm
1231 3099 1274 3160 do·

310 3196 385 3256 mini
400 3197 517 3258 illorum
528 3222 535 3257 :
548 3195 586 3256 sic
604 3198 653 3258 illa
667 3219 757 3271 nunc,
771 3199 857 3276 culpa
867 3215 1015 3258 certorum
1028 3195 1188 3258 nominum.
1200 3183 1273 3244 Μ·

309 3274 462 3352 publicam
475 3273 662 3337 vehementer
673 3277 851 3352 pernrrbnnt.
875 3274 935 3335 haec
946 3276 1035 3334 nimis
1059 3275 1153 3408 long,
1165 3259 1209 3326 sed
1218 3269 1273 3338 ΡΝ·

310 3351 389 3416 sebio
412 3351 502 3413 nimis
526 3373 601 3414 vera.
641 3353 737 3415 Vides
759 3374 839 3429 ergo,
867 3350 1088 3432 prudentissime
1141 3347 1273 3414 11¹qu*

311 3428 403 3489 modo
431 3445 492 3488 tota
517 3429 693 3510 Respublica
721 3430 908 3501 convellitur,
934 3431 962 3492 δι
989 3433 1022 3490 in
1047 3425 1214 3506 miserrima}
1233 3425 1274 3468 ³¹¹·

311 3505 419 3597 gustias
433 3509 643 3585 compingitur,
671 3509 700 3568 bc
714 3508 933 3585 quibusmodis
948 3508 976 3568 bc
993 3525 1123 3586 quotum
1136 3499 1273 3584 hommum

309 3583 501 3674 amprobitate
520 3583 575 3644 boc
598 3585 639 3645 fit.
681 3584 758 3660 Quae
779 3586 925 3646 calamitas
945 3605 981 3644 eo
1003 3604 1082 3648 certe
1102 3562 1275 3642 calamitosus

310 3661 430 3738 exiliat,
456 3661 537 3741 quod
547 3663 595 3726 illi
609 3664 667 3726 viri
680 3684 743 3728 eam
756 3663 879 3728 minime
891 3663 1032 3738 sentiunt,
1055 3661 1107 3742 qui
1120 3668 1197 3721 tanto
1208 3635 1274 3780 ¹¹¹ss
