2654 4466
321 229 392 304 260
433 223 649 308 ROGERI
672 221 908 303 Asculut
932 215 1097 307 urtsr.
1121 226 1238 304 ΕΔΜ.

318 345 402 408 illius
410 345 597 424 eloquentie,
616 361 707 424 quam
729 343 1017 410 commendationem
1038 364 1096 410 tuae
1121 346 1276 429 perdetne,

319 426 472 491 continere
497 423 526 484 δι
548 420 693 484 declarare
715 422 858 486 videatur.
897 423 937 486 Et
958 425 1019 491 lter
1040 424 1078 486 de
1096 439 1136 499 te,
1153 421 1275 502 &oswin

251 540 257 562 ,ι
319 501 368 564 De
381 522 429 562 me
441 518 512 562 vero
524 497 600 561 nihil
611 499 701 572 aliud,
729 499 783 562 nist
796 500 888 578 quod,
915 501 988 564 dum
1001 521 1064 566 mea
1076 502 1230 566 universas

253 615 259 628 ·
319 597 371 642 tua
384 581 474 644 unius
486 579 617 640 bonitate
628 577 704 639 miln'
716 579 775 640 sese
789 579 817 641 dt
832 579 998 642 humaniter
1009 583 1157 654 offerente,
1184 523 1275 642 &m

319 658 398 720 viter
421 657 580 738 pollicente
603 659 724 718 nitatur:
750 655 815 734 juffi
827 657 907 720 huuc
919 659 1037 734 librum,
1062 675 1098 720 ut
1108 659 1273 728 seseinoom

318 735 451 815 spectum
477 753 565 796 tuum
588 752 740 812 nunquam
765 735 937 810 intruderet,
957 735 1006 798 sed
1031 735 1182 814 aliquando
1202 737 1273 797 offer·

318 831 374 886 ret,
392 829 428 874 ut
441 811 510 874 esset
526 811 650 893 apudte
667 833 729 874 non
745 809 889 892 flagitator
900 816 1097 894 importunus,
1115 813 1163 876 sed
1174 833 1222 894 pro
1232 831 1271 876 me

318 890 451 970 meisque
462 893 548 955 rebus
559 885 719 970 postulator
728 892 839 968 pudens
851 908 939 970 atque
953 893 1142 954 verecundus.
1177 891 1205 952 Si
1214 911 1271 952 voto

317 990 400 1031 nunt
423 967 641 1050 prudentissime
664 971 720 1041 vir,
744 971 791 1030 vel
813 987 933 1049 propter
957 971 1084 1033 Domini
1108 969 1272 1047 Wntmienfis,

319 1047 448 1116 Domini
471 1053 589 1123 Pngetti,
620 1049 648 1110 dc
672 1047 795 1110 Domini
819 1053 907 1106 cnidi
925 1047 961 1108 de
974 1069 1022 1115 me
1046 1048 1205 1124 iudicium:
1233 1047 1270 1106 vel

339 1143 437 1205 ropter
448 1125 568 1203 aliquod
582 1125 738 1188 mediocris
747 1147 819 1194 meae
829 1127 976 1188 facultatis
986 1127 1141 1206 specimen,
1155 1121 1231 1205 'quod
1241 1143 1270 1186 er

314 1145 412 1273 {iteris
431 1205 514 1278 meis,
546 1204 593 1264 val
606 1205 746 1283 privatim
759 1203 794 1264 ad
807 1220 846 1278 te,
866 1205 896 1268 δι
908 1205 1036 1296 publice,
1057 1226 1111 1284 pro
1124 1202 1270 1282 RegiaMa·

315 1279 418 1359 iestate
436 1282 561 1363 scriptis,
581 1282 640 1357 iarn
663 1297 745 1361 potes
769 1301 889 1360 capere;
910 1301 950 1344 tta
972 1281 1009 1344 de
1021 1301 1070 1344 me
1082 1281 1227 1354 existimas,
1242 1295 1269 1341 ut
1308 1315 1310 1342 r

315 1381 380 1422 non
403 1363 526 1422 omnino
548 1362 666 1442 ineptus
688 1359 784 1420 videri
808 1359 918 1440 poffim,
936 1364 989 1439 qui
1002 1359 1060 1423 hoe
1072 1381 1177 1422 munus
1186 1362 1268 1420 litent

314 1437 464 1502 scribendi
485 1438 616 1512 subeanm
632 1457 680 1498 me
702 1437 831 1500 adetum
844 1440 1036 1514 voluntatem,
1056 1457 1169 1510 nutum,
1187 1435 1268 1506 usum·

314 1516 348 1578 dc
370 1537 488 1579 ornnem
510 1517 600 1578 etiam
622 1514 874 1609 opportunitatem
896 1516 1024 1582 libenter
1040 1517 1190 1584 reservabo.
1225 1511 1266 1574 Sin

314 1612 388 1656 vero
410 1597 494 1656 aliter
510 1593 625 1664 sentias,
645 1615 678 1654 rn
700 1594 802 1656 lotum
811 1591 954 1655 ‘nonnulli
966 1593 1098 1658 benificii
1111 1593 1266 1675 deputarem,

314 1674 337 1738 st
351 1673 425 1736 illud
438 1670 513 1734 mihi
524 1671 684 1750 significare
695 1673 779 1734 velis.
793 1693 831 1732 ne
844 1673 935 1732 nimis
947 1672 1002 1732 diu
1015 1673 1065 1736 hic
1079 1673 1195 1754 &spem
1204 1669 1264 1731 alem

312 1753 346 1814 dr
359 1768 476 1830 tempus
487 1767 587 1824 teram,
620 1750 649 1810 δι
672 1749 733 1826 ipse
746 1747 821 1810 mihi
834 1751 930 1810 alieno
943 1771 999 1812 aere
1012 1754 1137 1831 gravior,
1154 1746 1265 1836 meisque

314 1829 423 1892 diurno
446 1828 565 1908 sumptu
587 1825 738 1888 molestior
759 1827 854 1888 indies
875 1827 951 1890 riam.
980 1851 1050 1892 nam
1071 1829 1176 1909 viginti
1197 1823 1264 1886 libne

311 1927 377 1970 uon
399 1907 547 1980 Amicam,
576 1905 625 1966 sed
648 1902 833 1981 Londincnsem
851 1907 943 1968 vitam
961 1907 1113 1984 quomodo
1135 1909 1262 1990 integrum

313 2005 425 2046 annum
449 1982 589 2045 sustinere
608 2003 731 2062 queam:
751 2005 821 2046 eum
835 1981 879 2044 hii
892 1987 1021 2060 proximi
1035 1987 1162 2064 quinque
1174 1983 1263 2058 supen-

312 2081 379 2124 otes
402 2062 523 2136 menses,
551 2060 627 2123 mihi
650 2081 735 2140 parce
758 2060 942 2139 restricteque
956 2065 1079 2138 viventi,
1097 2059 1262 2143 quadraginta

313 2140 402 2202 libras
423 2139 627 2202 exhauserim?
664 2141 775 2215 ltaque,
795 2140 1045 2218 quemadmodum
1057 2138 1262 2204 omninostatu

312 2233 484 2298 perpetuam
505 2236 564 2280 tute
586 2219 619 2280 in
637 2239 684 2278 me
707 2219 913 2279 benivolentiae
936 2222 1115 2293 memoriam,
1141 2229 1262 2296 perpetuo

313 2315 381 2364 meo
394 2295 500 2368 studio,
518 2294 628 2371 officio,
654 2297 683 2358 dt
696 2295 876 2358 observantia
889 2299 986 2358 colere
999 2317 1086 2376 atque
1098 2293 1262 2378 conservate:

312 2374 363 2446 stc,
392 2374 530 2435 nonnihil
552 2376 639 2438 etiarn
662 2391 772 2450 vereor,
790 2395 827 2435 ne
840 2374 927 2436 usum
941 2375 1136 2438 benificentie
1147 2390 1207 2444 tuae,
1223 2365 1260 2454 luc

312 2449 367 2514 diu
388 2453 538 2532 expediere
560 2473 622 2516 non
645 2471 757 2529 queem.
798 2451 853 2512 Sed
876 2451 1019 2515 heccum
1032 2455 1131 2516 minus
1143 2470 1186 2512 me
1195 2445 1262 2510 sollt-

310 2530 383 2590 citat
407 2533 436 2593 δι
460 2531 619 2612 perturbat,
648 2552 715 2592 cum
740 2531 851 2608 cogito,
871 2546 900 2590 te
912 2550 982 2594 eum
993 2529 1058 2606 elle,
1078 2533 1127 2594 cui
1137 2548 1197 2606 ego,
1211 2522 1261 2584 ior-

310 2623 450 2686 tunaeque
460 2629 542 2683 meae,
564 2631 625 2670 non
638 2626 699 2668 tam
711 2608 810 2669 traditi
822 2609 923 2670 stunus
934 2608 1101 2682 necessario,
1125 2624 1205 2688 quant
1212 2621 1227 2692 ᾗ
1239 2615 1262 2660 tt

309 2687 437 2748 libenter
466 2688 591 2767 suscepti
621 2688 649 2748 oc
678 2687 823 2748 benivole.
860 2688 946 2760 cujus
968 2689 1115 2760 bonitati,
1145 2693 1261 2745 nmmum

309 2767 451 2830 consensu
475 2769 504 2830 dt
529 2787 610 2838 voco,
633 2782 747 2826 tantum
770 2765 961 2826 tribuendum
973 2763 1023 2840 est,
1043 2785 1077 2828 ut
1089 2764 1206 2826 minime
1216 2772 1261 2832 ego
1306 2811 1308 2850 p

308 2841 452 2917 dubitem,
473 2845 555 2920 quin,
574 2863 699 2921 quarum
721 2862 817 2904 rerum
841 2841 900 2921 spe,
920 2843 954 2904 ad
975 2841 1212 2906 Aulictmvitam
1223 2849 1260 2892 mc
1305 2851 1308 2930 p

309 2918 429 2990 vocasti,
460 2919 562 2986 harum
583 2939 699 2988 maturo
718 2921 816 2980 fruliu
827 2923 997 2983 alacriorem
1009 2943 1058 2984 me
1070 2919 1104 2982 ad
1117 2936 1200 2980 omne
1209 2905 1262 2974 osi·
1306 2935 1307 2938 ¹

307 2999 389 3058 cium
414 2997 542 3060 foiiurus
566 2999 618 3062 su:
649 3017 683 3061 ut
708 3016 844 3074 quantam
867 3019 947 3059 nunc
968 3002 1156 3081 voluptatem,
1174 2989 1261 3055 exhtc

307 3093 358 3135 tua
382 3095 531 3157 peroptata
553 3075 627 3142 mihi
649 3076 849 3137 benivolentia
873 3079 964 3153 capio,
984 3095 1091 3144 tantam
1104 3074 1181 3137 brevi
1194 3081 1260 3132 com·

304 3153 487 3228 moditatem,
506 3175 542 3214 ex
555 3156 657 3231 aliquo
670 3173 724 3215 tuo
738 3172 820 3232 grato
839 3153 988 3228 benificio,
1016 3169 1200 3233 percepturus
1210 3143 1258 3204 dtu

305 3231 405 3304 Quam
429 3253 523 3293 meant
546 3231 635 3309 spem,
665 3236 696 3293 in
719 3249 747 3294 te
772 3231 828 3292 hoc
850 3232 940 3291 modo
964 3236 1115 3311 repositam
1134 3223 1259 3308 expediti

302 3329 359 3384 pto
373 3329 434 3367 mea
449 3331 518 3367 vero
532 3312 694 3382 voluntate,
725 3332 793 3371 curu
807 3329 863 3383 qun
877 3331 957 3369 mom
970 3314 1114 3373 volueris:
1146 3325 1197 3386 pto
1207 3316 1258 3362 mol

302 3404 400 3446 autem
423 3386 593 3456 recellere,
623 3410 693 3449 turn
716 3409 772 3465 qun
796 3392 961 3449 rmtnritnre
983 3391 1129 3466 potueris:
1161 3393 1258 3464 prorue

299 3463 429 3540 denique
443 3466 596 3540 prudentia
611 3468 637 3524 dt
653 3468 792 3534 bonitate,
813 3488 882 3528 cum
898 3488 954 3545 qua
967 3467 1181 3550 opportunitate
1191 3473 1259 3519 com·

299 3541 461 3613 modillime
475 3540 529 3602 ell'e
551 3543 675 3604 duatus.
715 3545 797 3604 l'nle.

1104 3761 1253 3848 uersu
1303 3813 1305 3878 ί

1302 3891 1304 3958 l
