2606 4454
248 310 560 417 Eristosia
599 311 897 399 seranta.
972 337 1063 418 175

56 498 127 557 rus
146 467 360 584 cumapud
371 493 447 554 nos
462 466 544 580 jam
562 467 610 550 lit
625 465 828 576 justitium.
866 472 1065 583 Qaecun-

53 635 144 716 que
163 610 187 692 a
208 625 248 691 te
266 608 408 720 scripta
424 603 538 716 supra
557 604 749 688 invidiam
766 605 875 702 sunt,
910 619 952 692 &
965 615 1064 700 vino

52 742 260 830 vendibili
302 738 380 856 (ut
398 740 542 856 ajunt)
578 770 663 824 non
692 770 796 854 opus
824 745 879 829 est
905 745 1063 835 hedera.

51 871 197 967 Immo
216 881 351 965 multis
371 875 613 963 clasficorum
631 881 675 960 in
697 879 777 965 hoc
793 883 933 974 anteit,
951 888 1062 996 quod

2 1097 3 1100 a
52 1017 177 1102 fimul
194 1023 318 1131 polita
338 1027 380 1101 &
394 998 624 1109 oratoris,
670 1016 781 1127 quod
807 1045 940 1129 neque
967 1021 1062 1108 Vir-

2 1235 3 1238 *
56 1154 195 1270 gilio,
250 1183 323 1241 nec
353 1155 544 1240 Ciceroni
583 1152 759 1254 accidit,
804 1154 924 1266 hujus
953 1163 1063 1247 enim

56 1313 218 1377 tantum
237 1291 396 1375 unicum
424 1318 580 1375 carmen
607 1289 721 1381 vidi,
767 1296 805 1377 0
808 1267 1063 1404 fortunatam

56 1450 201 1515 natam
225 1459 288 1516 me
312 1428 460 1542 consule
488 1431 665 1516 Rumam.
718 1427 837 1516 Solus
850 1433 965 1518 ,inter
993 1463 1065 1522 eos

55 1566 283 1652 Cornelius
301 1565 441 1652 Gallus
472 1569 532 1650 tui
556 1565 718 1659 similis,
752 1566 992 1680 testaturque
1011 1571 1061 1658 de

59 1702 108 1786 se.
182 1707 331 1789 Orator
348 1724 429 1790 toto
451 1706 580 1788 clarus
600 1710 642 1790 in
669 1705 756 1788 orbe
765 1707 847 1816 fui.
897 1707 951 1792 Et
957 1709 1063 1824 saepe

50 1845 260 1954 puritatum
275 1841 477 1926 mendacia
492 1843 622 1926 dulcia
628 1843 749 1951 finxi.
819 1840 942 1928 Nihil
961 1847 1064 1930 mihi

60 1978 229 2062 humani
248 1976 343 2062 dum
359 1977 464 2066 inter
490 1978 675 2062 mortales
699 1979 805 2092 dego
830 1983 957 2095 magis
974 2011 1062 2096 gra-

63 2135 184 2207 tum,
218 2143 337 2226 quam
347 2136 478 2198 tecum
491 2113 705 2200 amicitiam
717 2117 915 2227 inceptam
934 2117 1064 2208 sanste

60 2251 222 2344 coleres
267 2262 309 2336 δι
322 2247 522 2351 axutam&
540 2250 795 2352 conservare,
842 2256 905 2338 cui
925 2258 1065 2344 titulos

61 2391 274 2501 posteritas
290 2411 415 2501 ponet
433 2399 474 2474 &
493 2417 586 2476 aras.
613 2388 826 2474 Wallafius
844 2392 975 2478 noster
992 2423 1064 2505 per

62 2528 214 2616 litteras
241 2527 325 2612 suas
353 2531 428 2613 tibi
447 2530 594 2642 largius
614 2524 850 2641 significabit
865 2531 1004 2640 quanti
1024 2553 1064 2618 te

63 2663 205 2758 faciam
219 2645 235 2756 '2
281 2687 465 2780 certeque
490 2667 566 2750 tibi
603 2662 831 2779 persuadeas
862 2666 1063 2752 neminem

64 2803 287 2889 viventium
303 2805 378 2890 tibi
389 2805 516 2921 magis
531 2800 776 2894 deviatum,
796 2829 916 2913 quam

528 3035 602 3121 Tui
606 3037 897 3148 studiofifflmum

1 3167 2 3173 ’
93 3187 410 3256 »margaritarum

600 3254 1059 3338 scotormmwsr.

1 3449 2 3498 l
98 3443 340 3524 Scototarvatius
355 3449 412 3511 hac
425 3445 558 3534 Epistola
572 3450 610 3514 ad
623 3447 727 3514 Barlaei
742 3463 812 3532 437.
826 3446 1018 3531 respondere,
1031 3440 1060 3510 ἆ

1 3533 2 3542 ¹
53 3546 128 3616 '445-
142 3529 299 3602 exaranda
312 3534 475 3602 materiam·
485 3531 676 3619 suppeditasse
692 3532 814 3600 videtur.

1 3643 2 3682 l

942 3759 1064 3847 EPI·
