2644 4466
291 249 341 322 54
411 163 1176 321 triturentursrunntum.

305 395 1256 428 mnam-*m

603 518 808 595 EPIST.
858 521 941 598 XII.

305 749 308 756 .
371 669 723 776 ROGERUS
775 671 1175 766 AscHAMve

455 831 692 932 JoANNr
719 830 982 914 rsonrrro
1006 841 1040 914 s.
1051 839 1087 912 r.

219 1022 222 1028 ’
293 987 469 1202 QUID
488 995 597 1062 hocest
607 1001 1256 1077 miSturmr'‚Mr'chaelTrxites,ta1ncommuni!
1318 1065 1320 1068 ,

402 1081 521 1154 amicuS,
530 1099 589 1141 tam
599 1097 716 1161 optutus
726 1084 892 1154 Tabellariur,
901 1081 1004 1144 isthinc
1013 1081 1070 1142 huc
1083 1081 1141 1144 fine
1150 1083 1210 1141 tuis
1220 1072 1258 1138 ad

290 1159 348 1218 ine.
386 1155 438 1218 An
447 1165 547 1231 crocus,
561 1179 596 1219 an
607 1160 728 1238 Halefius,
741 1181 777 1220 an
790 1159 944 1238 quisquam
954 1161 1097 1234 Anglorum
1111 1161 1257 1237 omnium,

291 1234 398 1294 auttui
407 1229 569 1310 studiosior,
590 1251 639 1296 aut
647 1251 764 1298 tuarum
786 1241 936 1300 literarum
959 1235 1071 1298 avidior
1090 1255 1179 1359 (bum
1201 1253 1258 1314 ego
1318 1257 1320 1268 ’

289 1305 375 1371 sum?
394 1309 448 1374 Ast
458 1311 559 1376 videor
569 1313 668 1374 audire
678 1323 708 1374 te
720 1335 828 1384 contra,
842 1317 907 1376 hem
920 1311 1106 1392 miAsclrame.
1132 1311 1185 1374 Tu
1197 1331 1258 1372 me·

249 1403 262 1434 0
290 1401 361 1450 cum
376 1389 524 1452 lilentium
546 1389 691 1452 scribendi
702 1391 874 1472 expostules,
893 1395 944 1470 qui
958 1413 995 1452 ne
1008 1391 1120 1472 aliquid
1134 1387 1257 1471 quidem

290 1465 441 1535 lhmrum
463 1467 520 1530 hoc
541 1469 703 1530 triennium
726 1471 760 1530 ad
779 1477 846 1531 me?
883 1473 921 1533 Et
933 1485 994 1530 tota
1007 1469 1068 1532 haec
1081 1491 1144 1530 mea
1157 1487 1258 1530 tecum

251 1543 258 1556 “
288 1543 492 1624 expostulandi
505 1547 589 1622 ratio,
608 1569 668 1608 non
680 1549 827 1621 iracunda,
846 1571 906 1610 non
919 1549 1131 1628 objurgatoria:
1152 1545 1200 1606 sed
1212 1548 1257 1606 in-

288 1619 389 1683 fidiora
403 1622 529 1704 prorsus,
549 1623 577 1684 ἃ
591 1645 606 1684 a
618 1646 666 1686 me
679 1623 742 1687 data
762 1647 857 1706 opero,
876 1627 1027 1688 subornata
1040 1623 1089 1687 est.
1126 1621 1257 1686 Verebar

290 1703 371 1760 enim
381 1719 417 1760 ne
430 1717 474 1774 tu,
494 1700 574 1780 quod
596 1704 660 1780 jure
673 1701 792 1782 quidem
814 1723 936 1785 poteras,
955 1706 1067 1784 priores
1088 1699 1124 1763 de
1138 1705 1257 1763 tacitur-

288 1779 400 1850 nitate,
429 1799 463 1840 ex
487 1777 629 1842 ostulandi
653 1801 747 1860 partes
773 1803 936 1860 occupares.
977 1781 1033 1842 Sed
1057 1784 1171 1842 valeant
1197 1777 1257 1852 ista,

288 1856 350 1932 jam
372 1875 439 1916 vere
510 1875 607 1938 aperte
628 1857 750 1921 scribam
763 1862 804 1922 mi
817 1866 928 1932 sturmi,
946 1881 1007 1921 non
1020 1861 1171 1921 voluntate
1184 1877 1258 1928 mea,

289 1953 351 1994 non
361 1931 511 1995 oblivione
522 1939 576 2007 tui,
588 1957 650 1998 non
661 1939 841 2016 negleffione
851 1937 951 2012 officii,
960 1937 1070 1998 fretum
1081 1936 1121 1998 est
1129 1935 1187 1996 hoc
1196 1937 1258 1996 tani

290 2012 413 2088 longum
434 2012 577 2075 scribendi
590 2017 786 2079 intervallum.
826 2017 897 2078 Non
917 2019 985 2094 quia
998 2014 1093 2075 deerat
1106 2013 1191 2086 milri,
1209 2013 1259 2074 vel

288 2087 435 2149 scribendi
455 2091 599 2166 materies,
618 2097 665 2154 vel
687 2091 824 2156 mittendi
846 2095 978 2167 facultas,
997 2109 1055 2152 torn
1079 2092 1133 2152 diu
1155 2087 1267 2156 nostrae.

290 2170 499 2228 conticuerunt
511 2170 610 2234 literae.
648 2171 703 2232 Sed
716 2194 785 2233 cum
811 2169 913 2248 justam
927 2169 1047 2235 caullam
1060 2191 1074 2229 a
1087 2190 1135 2230 me
1147 2165 1258 2242 audies,
1277 2235 1286 2242 ,

290 2263 352 2304 non
377 2247 451 2326 iram
473 2245 537 2316 tibi,
559 2249 587 2310 δι
615 2245 792 2310 stomachum
806 2267 906 2312 contra
920 2271 984 2310 me:
1007 2247 1055 2309 sed
1069 2247 1201 2308 dolorem
1227 2247 1258 2308 bc

292 2317 457 2382 moestitiam
484 2340 606 2404 prome,
636 2347 725 2409 quern
750 2327 809 2389 scio
833 2349 918 2401 amns,
949 2327 1151 2390 commovebo.
1191 2325 1260 2388 Hos

290 2403 588 2479 quattuorproximos
610 2401 773 2484 superiores
796 2427 895 2479 annos,
915 2409 954 2466 ita
978 2403 1197 2466 continentibus
1216 2404 1262 2464 fe-

291 2473 393 2537 bribus
418 2499 567 2558 correptus
592 2481 666 2558 sum,
687 2503 720 2545 ut
745 2506 802 2544 unt
829 2486 876 2544 vix
892 2506 938 2545 me
952 2502 1081 2560 unquam
1094 2483 1262 2557 reliquerit,

290 2558 364 2630 quin
378 2557 465 2617 ctiam
477 2561 563 2620 altera
576 2557 670 2623 statim
684 2563 717 2624 fit
730 2563 916 2640 consequuta.
957 2564 1058 2638 Atque
1070 2562 1108 2622 lic
1120 2561 1263 2633 rationes,

289 2633 389 2694 salutis
402 2654 471 2695 mea:
484 2655 594 2712 omnes,
605 2639 663 2700 istis
676 2641 796 2702 nexis&
808 2641 915 2718 jugatis
926 2637 1063 2712 febribus,
1082 2638 1150 2698 sunt
1161 2637 1262 2698 siecle·

291 2710 320 2768 ἃ
348 2713 511 2800 convulsae;
545 2735 579 2776 ut
613 2719 671 2795 jam
696 2739 802 2796 corpus
834 2739 932 2779 meum
957 2738 1062 2784 omne,
1091 2715 1182 2776 febris
1210 2718 1265 2777 illo

290 2785 399 2848 hefibca
422 2799 625 2870 occupaverir;
656 2798 704 2856 cui
727 2793 909 2858 medicorum
932 2794 1006 2866 filii,
1032 2797 1265 2856 allevamentum

290 2865 455 2956 aliquando,
475 2872 635 2934 remedium
648 2873 773 2933 solidum
787 2895 937 2951 nunquam
956 2877 1142 2950 pollicentur.
1176 2869 1267 2946 Jem,

290 2960 343 3016 qur
364 2943 432 3004 sunt
453 2949 515 3006 veri
540 2955 636 3023 amici,
657 2953 685 3010 bt
714 2954 787 3010 inter
805 2974 854 3012 eos
868 2951 1037 3013 cerriss'rmus
1051 2951 1160 3010 amicus
1175 2970 1266 3012 meus

289 3023 402 3111 [loannes
421 3023 544 3101 mlestus,
562 3034 663 3091 crebro
675 3031 815 3091 occinunt
830 3029 900 3086 milri
917 3032 1040 3110 lugubre
1052 3027 1127 3092 illud
1141 3027 1268 3087 Thetidis

291 3095 326 3158 ed
338 3095 434 3159 filium
447 3101 523 3177 apud
530 3111 667 3168 Hormi-um
680 3127 802 3168 carmen.
834 3113 872 3162 Ιλ.
883 3099 915 3158 e'.

294 3225 299 3245 ‘
384 3221 464 3314 (†)
489 3225 563 3293 ’Emi
582 3230 615 3295 νύ
630 3261 670 3300 nr
687 3227 758 3301 ἷισα
769 3233 905 3320 μίνυνθά
921 3262 976 3322 περ
1002 3232 1067 3304 ἃς.

326 3369 381 3430 sed
405 3373 520 3449 quando
543 3371 638 3434 refero
657 3397 704 3438 me
728 3377 762 3438 ad
776 3383 862 3441 illum
875 3404 951 3444 verre
967 3383 1143 3455 integroque
1156 3377 1268 3444 salutis

289 3467 506 3527 preceptorem,
529 3451 723 3529 quiaffinnar,
742 3475 855 3518 tantum
883 3461 968 3538 adjici
994 3458 1105 3516 homini
1128 3458 1268 3534 interno,

288 3544 431 3602 quantum
453 3529 590 3591 adimitur
613 3549 742 3607 externo,
768 3557 827 3598 non
851 3536 1023 3599 nrmroribus
1036 3555 1083 3597 me
1096 3533 1188 3596 dedo:
1211 3539 1269 3600 sed

317 3686 337 3754 †
354 3687 411 3741 Lr'n.
427 3691 485 3754 416.

1183 3794 1268 3836 nova
