2570 4462
190 187 373 266 norro.
428 187 614 272 uinus
652 131 824 265 uuus
938 193 1011 286 ,87

60 309 152 449 ξηαπ
162 307 374 373 consummare.
398 307 547 372 Dominus
559 309 674 386 Halessus
685 311 777 387 &ego
790 309 898 370 librum
909 308 1011 374 secun-

129 388 183 450 tibi
206 387 288 448 brevi
314 385 492 468 descriptum
516 387 674 448 mittemus.
700 387 770 448 -Sed
789 407 858 449 ecce
874 385 1009 464 Ascheton

57 465 153 527 loidam
170 467 201 528 in
215 463 267 526 hac
280 464 391 526 vicinia
403 464 479 526 milri
497 464 629 543 promisit
658 464 750 526 libros
770 471 901 524 Ciceronis
912 465 949 526 de
962 486 1007 528 re.

56 542 158 606 Publica.
185 541 277 605 sexies
287 543 352 604 mili
364 541 399 604 ad
411 562 481 604 eum
496 565 503 599 :
522 541 734 615 ssadferantut‚
756 563 803 602 me
814 541 886 622 quid
900 545 1008 622 poterit

16 629 19 694 g
55 618 231 684 ellebeatius?
254 617 432 682 Senatoritm
453 639 511 698 pre
531 639 580 680 me
613 620 762 686 nvitatern
776 619 885 682 ferant:
908 642 1007 685 exan-

16 701 21 776 j,
56 697 125 774 tiqui
148 697 305 778 disciplina,
326 695 508 760 liobtinebo.
547 637 612 758 sed
622 715 658 758 ut
672 718 752 760 nunc
776 697 909 760 homines
930 698 1007 776 sunt,

16 809 17 812 =
55 775 126 836 valde
135 794 288 847 metuo,ne
297 773 431 838 sitnihil:
447 773 527 836 sedfi
541 794 643 835 verum
656 773 699 847 lit,
711 775 828 836 mittam
840 779 928 836 etiam
937 775 1003 851 tibi,

53 870 84 914 ut
94 873 196 915 mecum
208 851 237 914 sa
257 853 299 914 ias
311 857 459 912 Res-enm
468 853 589 926 curiam,
603 852 631 914 δι
644 851 752 924 forum,
779 852 808 914 δι
822 850 919 914 rostra.
934 871 937 880 ·
955 873 1006 916 ve·

53 949 113 992 tum
127 931 191 1010 parti
258 931 336 1004 tim,
358 927 574 1010 utlisapientia
587 927 759 1002 resuperare
785 949 845 990 non
872 925 1006 1010 pullum:

51 1021 163 1086 tempure
183 1005 362 1070 antecedam.
401 1006 504 1086 Quam
523 1027 625 1070 vereor
644 1028 682 1068 ne
705 1006 738 1070 stt
764 1003 860 1068 nihil?
886 1008 1005 1072 Verun-

53 1081 792 1242 ffiuwffisgoffigt3323ng
806 1085 1005 1224 &stills

13 1277 14 1280 =
51 1237 110 1302 Nou
119 1242 213 1321 putavi
223 1261 272 1302 me
285 1255 347 1302 tam
358 1208 506 1320 prolixstm
516 1239 580 1302 sore
594 1265 601 1313 3
619 1239 700 1316 dabis
713 1241 836 1313 veniam,
846 1240 1006 1320 presertim

13 1367 15 1376 .
51 1336 108 1378 cun
128 1317 198 1380 nihil
233 1315 353 1380 babeam
374 1317 458 1380 novi.
495 1315 527 1378 id
552 1315 634 1396 quod
657 1318 813 1398 proprium
837 1316 892 1380 ell'e
918 1317 1006 1380 debet

50 1389 224 1472 epilloltruni,
248 1411 286 1456 ut
298 1391 539 1458 inaneselrenon
552 1393 716 1458 videantur.
754 1394 838 1456 Vale.
877 1399 1006 1474 Argestes,

12 1547 13 1550 Ἴ
50 1477 106 1550 toti,
122 1471 203 1536 XXX.
216 1469 326 1536 Morsu
336 1477 478 1548 ianuarii,
495 1475 586 1546 Anno
596 1473 721 1549 Domini
736 1491 818 1552 1552.

57 1609 994 1660 ψ--ὲ--ι-ᾗ-

351 1739 580 1815 EPIST.
629 1741 691 1818 Vl.

10 1861 463 1976 {lllCl-IARDUS
524 1875 1007 1972 BRANDlSBAEUS

191 2004 407 2082 noonno
456 2003 712 2080 tscnnno
737 2003 829 2075 nr.
888 2099 891 2106 Ι

8 2053 13 2214 d
101 2177 104 2184 “
168 2163 222 2238 cis,
246 2158 435 2224 eruditillime
449 2156 582 2236 Asclome
606 2177 716 2238 quanto
736 2162 809 2245 mili
828 2161 924 2225 dolori
938 2164 1007 2232 fuit,

8 2233 12 2280 ³*
150 2242 236 2302 tebis
248 2239 366 2302 summo
377 2258 445 2300 cum
454 2237 594 2315 desiderio
604 2243 663 2316 mei
685 2240 1007 2312 stam'umexcurrill'e,

48 2313 188 2398 &seruper
199 2316 314 2382 flustra.
352 2315 445 2378 sedin
457 2317 561 2377 ultima
571 2315 765 2389 frustratione,
785 2318 812 2378 id
827 2318 924 2380 saltem
939 2322 1008 2388 laeti,

128 2401 264 2455 emtum
278 2397 459 2465 conveneris,
481 2413 540 2454 non
553 2395 670 2456 fratrem
682 2415 789 2466 meum,
816 2394 872 2456 hoc
883 2396 932 2468 est,
946 2397 1007 2456 fere

94 2491 166 2544 rum,
190 2471 239 2535 sed
256 2471 373 2553 prorsus
395 2469 549 2552 meipsum.
589 2472 768 2547 Gaudeoque
781 2490 810 2532 te
824 2491 930 2548 tuaque
942 2493 1007 2532 om-

8 2561 10 2620 !
45 2545 84 2608 nia
96 2549 132 2612 ita
144 2552 188 2612 illi
202 2547 354 2632 placuisse,
380 2552 564 2626 qualiname
586 2549 709 2612 describi
736 2550 836 2609 solent.
869 2552 920 2609 ille
932 2551 1007 2622 mihi
1092 2577 1097 2590 ·

8 2641 9 2658 ¹
45 2623 120 2698 dixit,
139 2628 274 2701 virtutes,
296 2646 367 2705 quas
388 2627 547 2706 inscriptis
571 2629 632 2688 tuis
657 2626 855 2705 deprehendit,
876 2629 961 2688 etiam
978 2629 1007 2687 in

8 2709 10 2768 l
44 2705 120 2766 vultu
132 2706 161 2768 δι
174 2706 305 2770 motibus
328 2702 558 2783 deprehendisse:
584 2703 625 2765 est
639 2706 718 2764 enim
746 2705 805 2776 ille,
830 2722 864 2764 ut
875 2707 1007 2782 optimus

44 2781 180 2856 eonjeetor
193 2777 313 2855 indolis,
332 2785 371 2842 ita
386 2781 610 2862 physiognomus
625 2782 702 2842 haud
715 2801 830 2860 quaque
843 2783 1007 2862 impetitus.

43 2847 173 2946 Dicinon
184 2857 287 2939 potest,
308 2877 485 2938 quantopere
496 2860 619 2921 laudarit
632 2863 662 2919 in
677 2860 831 2936 ternisque
841 2859 954 2936 scriptis
967 2862 1008 2920 ci·

44 2935 186 3010 vilitatem,
199 2936 379 3011 modestiam,
392 2935 611 3010 humanitatem,
625 2939 652 2998 δι
667 2937 806 3015 Caritates
819 2954 882 2998 tuns
896 2941 1007 2997 inenar-

8 3049 9 3084 3
45 3011 152 3077 ubiles:
171 3017 201 3080 δι
213 3031 323 3078 tantam
335 3014 486 3076 sanitatem
500 3019 530 3075 in
540 3016 701 3087 sententiis,
712 3031 820 3074 tantam
832 3016 1006 3092 elegantiam

8 3101 10 3174 l
45 3087 180 3180 irvtrbis,
196 3109 306 3154 tantam
320 3086 550 3155 moderationem
564 3096 594 3152 in
609 3093 748 3164 numeris,
768 3109 876 3152 tantam
887 3094 1008 3152 concin-

8 3179 10 3226 ἲ
44 3183 154 3230 nitatem
171 3171 202 3230 in
224 3170 310 3232 rebus
331 3170 532 3241 contexendis,
554 3187 662 3230 tantam
688 3173 783 3229 lucem
804 3169 835 3228 in
858 3172 1006 3241 omnibus,

8 3265 10 3326 g
44 3243 107 3306 nihil
125 3267 184 3308 non
198 3249 231 3309 iu
243 3263 274 3310 te
285 3247 469 3324 exquisitum.
496 3247 544 3308 sed
557 3265 652 3307 tamen
663 3249 734 3306 nihil
748 3248 920 3319 affellatum,
931 3249 1008 3309 vires

46 3319 156 3401 isignes
163 3324 222 3386 srne
235 3328 423 3396 immanitate,
447 3324 633 3386 dulcedinem
649 3325 789 3384 summam
804 3325 860 3384 stne
882 3328 1008 3402 ignavis,

46 3394 201 3476 invincem
214 3423 282 3465 cum
291 3401 482 3468 succulentis.
495 3402 591 3463 rursus
602 3402 798 3480 proxilitatern
812 3405 870 3463 stne
882 3405 1007 3476 luxuria,

51 3477 195 3541 mnndum
219 3477 359 3560 quiddam
374 3481 403 3542 δι
417 3479 554 3558 crispum,
579 3479 626 3540 sed
646 3479 704 3539 sine
716 3498 819 3540 aeterna
841 3482 1007 3553 micatione,

51 3556 233 3626 roscenlum
241 3559 326 3616 Plinii
339 3557 456 3618 laborat.
469 3559 634 3617 Florentem
648 3559 705 3616 line
719 3557 907 3618 muliebribus
917 3559 1005 3629 fucis,

55 3629 199 3714 Ffflgataru
212 3636 240 3699 lc
254 3635 434 3700 enucleatam
457 3634 622 3710 ditlionem,
641 3635 691 3698 sed
704 3635 760 3698 stne
773 3638 916 3698 anxietate
917 3634 1006 3772 ulfus?

897 3732 915 3792 p
949 3731 1004 3783 oa,
