2646 4448
202 155 267 246 9²
337 107 1163 236 AdnflvtrTINGToNvlr

200 279 306 379 dedi,
335 299 390 374 ut,
430 275 564 359 fifieri
593 273 719 386 possit,
747 273 933 385 Juvenem
962 279 1137 384 peritum
1153 279 1217 360 lin·

199 419 279 504 guae
298 397 340 476 8<
359 389 550 499 scripturae
567 415 716 489 eorum,
746 415 911 472 necnon
927 385 1216 475 bonismoribus

200 502 407 616 praeditum,
434 501 485 584 ab
503 503 580 583 illis
594 499 786 600 obtineat,
815 503 919 584 &ad
936 529 997 582 me
1013 505 1153 597 mittat,
1176 506 1210 586 in

199 617 328 710 omnis
347 616 496 726 generis
515 611 717 702 artibus&
741 612 924 705 doctrinis
946 612 1206 700 instruendum

199 727 269 809 Sed
283 754 311 808 ο
325 729 471 820 utinam
484 725 641 834 Juvenis
651 723 716 814 ille
730 722 904 810 Habassri
915 725 1207 836 oriundusnutm

199 837 536 950 ingenlosrslimum
571 838 752 950 praedicas
780 835 901 950 fuiffe,
943 839 1075 932 adme
1098 869 1210 922 aman·

198 949 311 1034 datus
330 949 478 1034 fuisset!
506 953 616 1035 omni
634 977 752 1062 opera
769 970 884 1063 atque
909 950 1164 1033 sollicitudine
1178 953 1216 1032 il-

198 1066 281 1147 lurn
300 1067 416 1148 variis
435 1063 601 1147 scientiis
616 1060 842 1162 imbuissem,
870 1089 981 1172 atque
998 1062 1217 1146 inrirullir'sn

201 1201 307 1269 mum
323 1178 364 1259 in
381 1178 546 1287 patriam
559 1169 782 1261 remifissem.
803 1179 1026 1287 Principum
1046 1177 1117 1258 rl'tae
1129 1205 1216 1268 cura

199 1285 302 1389 sunt,
321 1289 460 1391 fateor,
496 1315 576 1375 rem
588 1290 816 1378 familiarem
836 1317 960 1374 meam
980 1289 1219 1399 superantem

199 1418 386 1500 attamen,
419 1422 604 1512 quantum
623 1403 769 1512 exigua
787 1429 876 1485 meae
897 1403 994 1483 vires
1037 1405 1218 1503 oriuntur,

199 1511 395 1624 prastab0‚
425 1534 613 1624 quantum
633 1537 782 1625 potero,
810 1515 948 1616 donec,
980 1513 1219 1616 linirobello,

200 1629 306 1712 Deus
324 1626 464 1709 excitet
485 1627 705 1735 Principum
720 1627 883 1726 animos,
913 1649 955 1708 ut
974 1649 1086 1708 tanto
1109 1655 1218 1738 nego

198 1738 258 1824 tio
274 1739 493 1848 invigilent.
550 1734 638 1844 Jam
654 1737 722 1820 sub
745 1742 853 1850 prelo
875 1739 996 1820 servet
1014 1740 1218 1822 Commen-

199 1851 318 1936 tarius
342 1877 484 1956 meus,
520 1850 737 1946 testimonia
774 1855 814 1940 8<
843 1848 1074 1942 documenta
1103 1855 1143 1934 in
1175 1878 1218 1934 eo

200 1979 382 2050 contenta
400 1962 711 2046 demonstrabunt
730 1963 910 2075 insignem
930 1958 1219 2058 Habessrnoruur

200 2072 399 2180 indolem,
426 2101 506 2186 quae
525 2103 654 2158 curam
670 2095 783 2185 atque
803 2077 980 2157 savorem
1000 2075 1218 2184 Principum

200 2183 417 2272 nostrorum
441 2209 615 2275 meretur.
672 2187 863 2282 Tabulam
888 2188 1058 2293 capitum
1074 2192 1123 2268 ad
1151 2196 1217 2270 lra-

200 2299 269 2384 tris
287 2295 422 2396 filium,
453 2302 614 2392 Domini
632 2301 818 2408 Principis
847 2299 1008 2406 Georgii
1028 2301 1218 2396 Secretari·

201 2435 267 2490 um
290 2473 301 2507 ,
330 2407 423 2512 misr,
452 2412 518 2522 qui
536 2440 619 2495 eam
640 2435 765 2495 tecum
784 2407 1093 2500 communicabit.
1151 2407 1214 2498 Sed

201 2521 251 2606 ad
279 2525 536 2612 Samaritanos
564 2528 692 2624 redeo,
718 2529 759 2605 ὃ(
783 2523 873 2605 scire
894 2524 1025 2630 cupi0,
1054 2549 1149 2605 num
1167 2527 1211 2616 D,

199 2633 440 2735 MarshalluS,
470 2637 540 2744 piae
567 2638 778 2734 memoriae,
810 2636 1082 2718 connuercium
1101 2638 1213 2718 litera,

200 2772 286 2830 tum
306 2773 394 2830 cum
418 2749 608 2834 Samaritis
636 2748 823 2846 habuerit,
852 2777 889 2830 o:
923 2773 1014 2828 num
1047 2745 1210 2856 Epistola

199 2887 331 2943 eorum
343 2861 542 2969 reciproca
561 2861 685 2944 adhuc
701 2861 850 2942 Oxonii
877 2863 1040 2940 errent?
1072 2865 1145 2942 Pro
1157 2884 1202 2940 re·

198 2971 401 3080 sponsione
420 2974 469 3054 ad
489 2976 706 3084 questiones
729 2998 830 3056 meas
852 3002 875 3074 (ς,
881 2975 990 3052 :mas
1007 2999 1086 3082 ago
1104 2967 1202 3052 ruari-

199 3111 293 3168 mas,
337 3087 373 3164 Si
393 3083 657 3190 specialiter&
682 3111 746 3195 per
757 3081 1206 3194 connutrationemlirgu·

199 3198 317 3284 larem
339 3198 504 3279 indicare
523 3201 621 3282 milri
641 3197 774 3308 polles,
801 3226 848 3278 rr.
866 3226 903 3278 re
917 3201 1075 3303 Epoelra
1095 3219 1205 3280 anno

199 3334 281 3393 turn
314 3310 476 3407 mundi,
520 3312 794 3419 quiuruntur⁴
841 3309 907 3390 ibi
928 3309 1086 3410 constet,
1123 3309 1210 3392 soret

199 3426 298 3504 milri
327 3420 588 3532 gratissimum.
638 3429 689 3504 D.
715 3423 804 3504 ner}
825 3449 899 3527 ayo
926 3420 1098 3504 Lostusro
1117 3421 1210 3502 inco

199 3537 415 3619 lumitatem
436 3563 479 3616 ac
499 3534 677 3643 prospera
696 3562 763 3642 qr:
781 3561 853 3642 pue
873 3561 1020 3642 precor,
1054 3560 1121 3615 nec
1142 3555 1211 3612 nou

198 3646 379 3730 omnibus
400 3649 439 3728 in
470 3650 606 3756 Angla
633 3676 777 3742 amus,
814 3647 996 3753 privatim
1027 3650 1078 3728 D.
1111 3643 1209 3752 Hyde

199 3761 238 3858 ἃ
256 3763 305 3841 D.
326 3759 532 3863 Bernardm
566 3786 662 3872 quos
683 3763 800 3844 velim
814 3755 1032 3858 amicissime
1053 3779 1211 3880 meone-

1114 3891 1208 3970 uun
