2612 4450
254 95 855 247 EPISTOLAE‚
1007 125 1067 235 ss

465 409 631 492 xxxV.

371 578 737 680 EIDEM.

38 854 427 1062 Autogtaphum
453 856 583 966 primae
611 854 878 939 Samaritarum
904 859 1065 965 epiiio'e

48 961 55 981 '
93 1062 96 1067 ,
176 969 329 1050 mallem
348 965 423 1049 tibi
440 971 695 1066 committere,
726 965 790 1049 sed
805 988 892 1050 tuto
909 971 1068 1052 reduc-n

34 1077 153 1178 dum,
177 1101 292 1189 quam
306 1078 496 1190 exemplar
509 1082 614 1162 malo
629 1077 855 1168 charadiere.
886 1077 1012 1162 finon
1027 1089 1066 1164 a<

35 1192 147 1273 mala
166 1187 253 1291 fide,
289 1188 528 1301 exscriptum.
587 1194 683 1273 Non
713 1188 782 1272 suo
814 1187 958 1286 solum,
1005 1186 1068 1274 sed

32 1299 212 1386 &totius
237 1302 361 1412 gentis
380 1302 538 1384 nomine
554 1297 696 1412 scripfit
711 1297 888 1385 Merchib
903 1301 973 1382 ibn
991 1307 1068 1384 Ya-

36 1408 135 1514 cob,
162 1413 283 1522 vulgo
307 1415 585 1526 Mopherrege‚
620 1415 679 1496 vir
701 1414 799 1495 inter
821 1411 907 1494 illos
924 1419 1068 1522 prima-

15 1525 149 1610 tius:
185 1524 383 1609 illiautem
410 1526 521 1626 mihi,
535 1523 811 1633 Hierosolymis
838 1545 929 1604 tunc
948 1551 1068 1635 aegto·

35 1635 155 1734 tanti,
183 1636 328 1746 viginti
348 1641 387 1722 8<
403 1637 571 1748 pluribus
582 1633 724 1719 abhinc
738 1635 849 1719 annis
865 1634 1063 1735 miserunt,

35 1743 223 1830 fratribus
245 1745 332 1847 suis,
367 1751 424 1831 uti
440 1745 658 1846 credebant,
677 1749 719 1834 in
739 1748 877 1862 Anglia
893 1748 1070 1856 degenti·

39 1855 122 1968 bus*
152 1856 487 1944 transmittendum
544 1858 685 1944 Ansam
712 1860 803 1942 huic
832 1861 950 1940 errori
973 1885 1067 1968 prae·

39 1967 132 2054 buit
151 1967 332 2081 ambigua
343 1995 473 2054 eorum
489 1970 656 2082 quaestio,
685 1991 812 2053 utrum
825 1968 944 2053 Ebraei
960 1995 1068 2080 repe-

39 2078 240 2163 riebantur
255 2082 361 2190 apud
383 2087 488 2166 nos?
525 2079 620 2183 lmb,
647 2081 878 2193 inquiebam,
909 2079 1067 2190 respon·

35 2192 141 2280 dens
157 2191 205 2274 de
224 2189 376 2298 Judaeis,
405 2191 747 2306 interrogantibus,
775 2195 831 2276 uzi
852 2191 978 2302 postea
1001 2220 1068 2303 pa-

37 2301 167 2403 tebat,
195 2303 244 2386 de
264 2307 519 2390 Samaritania
575 2310 669 2388 Non
688 2307 791 2388 enim
824 2307 865 2387 in
894 2302 1067 2414 praesenti

34 2412 410 2517 animadvertebam,
424 2419 512 2500 illos
521 2413 768 2501 israelitarum
777 2413 1070 2526 Ebraeorumque

37 2551 191 2610 nomeu
210 2525 277 2609 fibi
303 2528 427 2612 solum
443 2527 639 2640 arrogasse.
695 2531 870 2637 Cumque
888 2527 990 2609 forte
1013 2531 1068 2608 le-

38 2632 176 2747 giss'em
211 2639 393 2748 periodos
446 2640 612 2740 uasdam,
652 2637 764 2723 saeris
791 2638 866 2721 suis
885 2639 1002 2720 literis
1023 2642 1066 2725 8(

39 2751 179 2858 lingua
194 2771 378 2851 exaratas,
405 2669 513 2834 iiiico
532 2749 745 2835 clamabant
765 2776 845 2832 non
870 2746 1067 2830 fineinufi·

40 2877 126 2942 tata
151 2863 400 2962 exultatione,
425 2860 690 2974 jurabantque,
723 2861 896 2969 Israelita
905 2859 995 2972 fiant
1011 2892 1067 2942 re-

38 3003 143 3069 vera,
171 2969 221 3056 ῥ’
275 2993 369 3055 atres
387 2974 495 3088 nostri
504 2979 726 3084 fraterrimr‘.
782 2969 928 3055 Frustra
947 2971 1069 3080 igitur

38 3102 190 3166 etanta
223 3087 387 3168 ertioues
407 3113 510 3184 meae,
546 3086 650 3194 quod
670 3084 790 3191 Judaei
811 3081 1069 3191 proculdubio

39 3194 203 3294 fuerint,
231 3194 438 3306 frustraque
466 3217 556 3279 tunc
584 3199 768 3304 temporis
793 3191 1069 3277 conaburcon·

38 3303 239 3388 firmatum
256 3308 352 3392 adeb
373 3332 538 3391 errorem
560 3312 733 3405 evellere,
761 3307 800 3387 in
822 3310 947 3415 pretio
971 3305 1068 3395 adeo

38 3415 241 3517 habitum,
258 3425 298 3502 ὃ(
319 3421 488 3526 gustibus
517 3418 591 3501 suis
620 3417 862 3502 arridentem.
928 3420 1070 3526 Neque

36 3526 173 3638 postea
202 3532 400 3613 haedere
422 3534 585 3641 amplius
611 3529 877 3640 satagebamm.
934 3533 1070 3635 Roga·

37 3642 134 3724 bam
149 3664 286 3738 auteur,
320 3661 362 3723 ut
379 3645 571 3726 mitterent
592 3642 732 3724 librum
750 3644 852 3750 legis,
883 3637 1015 3746 (quem
1031 3643 1071 3726 b<

42 3752 256 3865 miserunt)
296 3757 560 3862 rationemque
594 3755 793 3834 redderent
839 3751 1068 3849 reiiuionis,

36 3868 243 3978 temporit,
281 3892 447 3982 precum,
481 3863 772 3964 taerifiriorum,
813 3858 1071 3966 Pontificum,

575 3982 602 4062 F.
641 4008 658 4086 q
890 3981 1077 4076 birotum,
