2702 4442
225 154 288 252 D.
314 149 809 266 E-BEKNAKDI
850 147 1040 252 VITA.
1082 182 1144 293 55

4 349 27 402 r:
119 318 337 414 mulatione
352 308 608 421 inanibusque
631 310 839 400 verborum
859 313 1149 426 profusionibus

4 465 28 518 a
123 431 274 538 procul,
306 429 359 510 ita
379 422 520 534 absque
532 426 643 506 omni
658 423 768 525 fastu,
798 428 900 512 lente
917 433 956 514 8<
973 427 1148 517 submilld

2 555 26 632 ss:
121 569 234 638 voce,
261 542 357 622 citra
375 561 528 621 omnem
555 536 765 646 strepitum,
798 553 953 649 rogatus
973 543 1149 654 interpo-
1251 580 1252 586 Ν

2 693 25 746 3
122 680 211 736 nere
234 649 404 736 solebat:
437 649 583 732 nemini
597 652 726 758 gravis
738 650 953 751 infestul've,
967 731 970 738 ,
984 655 1072 738 licet
1088 660 1149 740 vel

2 787 26 862 ῃ
123 761 492 849 errorismanil'estus
510 759 704 844 diversum
721 759 886 848 sentiret.
930 768 1150 852 Alienaein·

3 923 29 976 32:
123 875 271 959 dustria
289 900 417 986 aquus
432 875 576 985 judex:
603 899 674 955 nec
688 871 888 976 librorum,
911 878 974 987 qui
994 879 1148 965 sortalle

9 1039 27 1090 3
125 988 180 1070 ob
198 989 423 1072 futilitatem
443 1007 511 1068 aut
529 985 685 1085 dieresin
710 987 847 1070 acriter
869 991 1042 1101 castigari
1071 1018 1151 1075 me,

2 1151 26 1207 a:
127 1097 292 1196 ruissent,
321 1097 462 1184 s1niliil
489 1117 554 1178 aut
577 1095 747 1182 moribus
763 1119 830 1184 aut
857 1102 993 1209 pietati
1014 1105 1151 1188 adver.-

126 1211 221 1309 sum‚
252 1213 367 1311 nihil,
409 1209 514 1320 quod
540 1213 718 1293 ’uvenum
745 1213 897 1295 animos
933 1214 1043 1297 auti
1070 1242 1150 1299 mo

123 1322 285 1407 lioribus
300 1323 431 1405 studiis
455 1239 745 1436 attriveritatis
765 1319 999 1436 aliequendae
1021 1353 1151 1413 amore

1 1469 25 1550 :il
125 1435 311 1519 abducere
347 1429 497 1545 posset,
535 1435 581 1515 iis
610 1429 774 1535 inellet,
824 1439 1017 1547 malignus
1060 1467 1149 1522 cen-

2 1611 21 1665 Γ,
128 1547 190 1630 sor
221 1577 231 1628 ε
266 1546 451 1629 librorum
469 1544 585 1646 verb,
614 1549 656 1630 in
676 1543 811 1658 quibus
829 1575 915 1632 curn
933 1549 1152 1636 eruditione

9 1706 21 1772 ‘r
129 1656 299 1742 certabat
319 1656 392 1739 live
409 1659 606 1768 ingenium
621 1657 898 1768 mejudicium,
932 1661 1006 1744 srve
1021 1664 1152 1749 iuVe·

130 1793 249 1854 terum
271 1771 414 1881 scriptis
435 1771 682 1877 explicanda,
708 1791 774 1852 aut
798 1777 983 1883 argute&
1003 1775 1152 1884 sapien-

2 1879 19 1961 ‘j
130 1884 186 1966 tir
205 1884 440 1991 corrigendis
468 1880 565 1961 bene
591 1887 780 1963 collocata
808 1885 1003 1985 industria,
1035 1914 1152 1973 nemo

2 1995 13 2006 ‘'
130 1997 348 2106 promptior
376 1993 569 2102 magisque
590 1993 797 2076 benevolus
816 1998 1005 2078 laudator.

2 2099 23 2121 ”
188 2106 354 2190 Eandem
382 2106 502 2186 animi
533 2107 833 2192 moderationem
870 2109 910 2190 in
939 2111 1152 2218 dijudican-

1 2215 21 2311 ζζ
130 2220 190 2301 dis
206 2218 456 2301 controvetfis
476 2219 673 2327 religionis
688 2216 862 2326 apicibus
879 2219 1059 2304 servabat.
1089 2227 1152 2306 Li*

1 2331 19 2350 ”
129 2354 188 2412 cet
207 2333 310 2412 enim
340 2332 436 2412 inter
464 2325 615 2410 diversae
649 2333 931 2414 communionis
965 2336 1153 2436 Ecclesiam

5 2525 8 2536 ,
130 2441 285 2524 sublatis
318 2439 577 2538 dissidiorum,
617 2441 754 2551 quibus
782 2442 1021 2529 Christianus
1049 2445 1153 2530 orbis

10 2633 15 2643 ,
131 2554 384 2636 miserrimum
406 2558 445 2633 in
463 2552 622 2632 modum
640 2555 823 2653 atteritur,
852 2556 977 2653 causis,
1007 2558 1154 2641 finedi-

4 2675 14 2760 'j
133 2665 293 2773 spendio
310 2669 538 2775 Evarrgelicae
556 2666 738 2763 veritatis,
757 2669 796 2746 ὅ(
815 2666 922 2748 illaesi
939 2669 1015 2770 ista,
1038 2697 1154 2779 quam

1 2775 15 2874 ff
131 2779 183 2859 ab
212 2779 404 2885 alpollolis
436 2777 673 2884 praedicatam
706 2782 917 2885 primorum
943 2779 1153 2866 seculorum

1 2908 8 2964 ῖ
132 2891 338 2994 Christiani
360 2889 525 2998 amplexi
546 2887 644 2989 sunt,
672 2889 869 2971 &illibati
895 2889 1034 3002 absque
1057 2895 1154 3003 dog·

8 3019 11 3026 '
131 3024 277 3084 matum
296 3003 608 3082 Scholastieorum
629 3003 814 3083 fermento
830 3000 918 3102 fide,
934 3003 1044 3086 l'aluis
1056 3033 1155 3114 quo·

4 3134 6 3142 ’
134 3139 206 3221 que
226 3113 515 3219 Episcoporunr,
541 3140 622 3220 quae
641 3110 732 3192 sacri
747 3139 911 3195 canones
928 3116 1153 3218 statuebant,

1 3211 10 3258 ³'
134 3221 288 3334 juribus,
320 3251 450 3330 pacem
478 3229 516 3304 ὃ(
543 3227 730 3304 unitatem
755 3227 1003 3334 redintegrari
1042 3256 1156 3335 opra-

142 3337 234 3415 verit
263 3366 272 3416 :
299 3355 523 3417 nontamen
550 3336 762 3417 immodico
782 3339 868 3419 zelo
893 3337 1157 3424 debacchandi

1 3434 3 3444 ’
134 3469 268 3528 contra
301 3449 462 3530 aliorum
487 3444 561 3527 live
592 3475 695 3529 nova
728 3450 865 3554 placita
893 3447 966 3532 sive
996 3479 1157 3551 errores,

1 3578 4 3590 ’
133 3563 391 3670 qualicunque
407 3557 579 3668 spetioso
601 3561 713 3642 titulo
732 3563 946 3661 ementitos,
976 3590 1050 3669 pro
1070 3591 1158 3671 pru-

5 3687 8 3692 '
131 3675 262 3756 alentii
282 3693 349 3752 aut
370 3674 511 3780 pietate
535 3670 595 3751 sua
616 3671 654 3756 se
672 3669 798 3781 abripi
815 3671 1031 3784 passusell3
1071 3675 1160 3759 stre·

133 3813 230 3872 uuus
263 3781 425 3872 Ecclesiae
458 3783 702 3891 Anglicanae‚
740 3784 829 3866 vere
859 3784 1086 3896 Apostolicae
1117 3795 1157 3875 8<

134 3899 356 4013 §adamica
386 3890 540 4000 assertor
566 3898 604 3980 &
635 3895 791 4019 vinderq
821 3895 939 3992 &ab
957 3901 1036 4006 ejus
1051 3927 1157 4027 corn-

146 4035 151 4045 ’
958 4037 1156 4116 munione,
