2576 4464
282 266 356 339 ,η
448 189 714 336 ioannis
759 237 1031 313 srunuii

281 361 375 442 Quod
387 360 423 423 ad
432 367 581 420 Patricium
593 358 673 422 hunc
686 361 797 436 attinet,
818 381 907 440 quem
920 363 979 422 tuit
994 361 1067 424 milii
1078 359 1164 426 literis
1173 383 1242 424 eoni-

111 499 115 506 .
279 437 462 513 ¹tuendavilli,
480 441 587 500 vellem
605 435 672 501 sane
685 461 750 502 meo
764 437 860 516 ipsum
873 437 1105 516 iuvandi'studio
1118 435 1242 502 eventum

3 575 12 600 ,
204 580 207 586 ,
279 517 452 600 respondere
472 513 604 596 potuisse.
644 517 738 594 Quid,
763 518 950 598 &quantum
965 520 1242 582 tuamobcommen-

279 597 501 689 dationemvpio
525 595 588 670 ipso
609 594 751 672 fecerim,
770 596 846 676 apud
870 597 984 676 eosqui
998 595 1241 674 regishujussunt
1262 638 1263 645 κ

279 674 357 752 qtiasi
370 691 406 728 v·
424 669 510 747 ΜΞ
522 668 644 746 lym,
666 674 700 734 ab
713 674 776 754 ipso
789 675 848 735 dici
862 676 970 750 potius,
989 693 1076 752 quam
1089 695 1104 736 a
1118 695 1163 736 me
1174 693 1241 736 coin·

279 757 435 816 memorari
454 759 532 814 νοΙο.
566 751 720 826 Quantum
733 759 802 812 vero
815 751 872 813 hoc
885 771 1016 832 tempore
1029 751 1179 832 diligentia
1191 772 1242 811 mea

278 829 408 892 obtineri
429 831 569 909 potuerit,
591 829 623 892 id
643 831 745 908 potius
756 849 910 910 exponam,
928 849 997 892 cum
1010 849 1045 892 tu
1057 831 1116 910 ipse
1129 832 1186 892 tuis
1196 829 1261 905 hoc,

279 907 377 986 ipsum
397 909 491 970 literis
504 928 518 967 a
532 928 579 968 me
591 907 654 969 fieri
668 911 775 988 cupias.
815 915 871 966 Rix
883 907 964 968 ledis
981 913 1142 984 Sireniffimae
1154 913 1242 984 Regiae

179 1019 185 1040 i
280 989 452 1062 Elimbethae,
476 987 505 1047 δι
515 991 620 1062 Regina
633 993 722 1044 Scoti'ae
733 986 834 1058 literis,
854 1005 903 1060 per
918 984 1130 1046 Cancellarinin
1143 985 1243 1064 respon·

279 1063 337 1138 dit,
357 1069 498 1142 Auginum
520 1063 580 1126 suis
603 1066 636 1125 in
653 1063 797 1141 portubus
806 1062 825 1121 s
821 1065 995 1141 poliatoium
1010 1062 1133 1125 caussam
1146 1064 1172 1124 se
1184 1081 1243 1122 teni·

278 1162 360 1222 pore,
384 1163 417 1202 ac
439 1143 508 1204 loco
531 1143 625 1220 magis
648 1161 817 1220 opportuno
840 1160 1024 1218 nequaquam
1037 1141 1242 1218 negleb‘tui'um:

280 1239 410 1297 cumque
422 1220 486 1282 fore
499 1217 662 1290 existimet,
681 1236 716 1280 ut
727 1221 820 1291 brevi,
838 1219 874 1277 de
887 1220 1071 1294 gravioribus
1084 1219 1243 1296 quibusdam

280 1299 410 1376 negotiis
423 1318 491 1358 cuni
504 1303 585 1355 Scitis
596 1297 797 1359 tradationem
810 1297 844 1356 sit
857 1298 984 1358 initurus
998 1343 1006 1366 ‚
1035 1295 1126 1374 hujus
1140 1314 1243 1374 quoque

278 1371 397 1450 cauffae,
431 1379 488 1451 jam
501 1377 578 1437 binis
589 1379 750 1451 Strtruffimae
761 1380 867 1450 Regina
879 1375 972 1436 literis
983 1373 1034 1433 sibi
1048 1373 1252 1436 comniendatae'

280 1475 380 1516 curam
392 1455 551 1513 clementer
563 1453 774 1530 suscepturum.
806 1451 895 1530 idque
908 1451 988 1512 hunc
1002 1457 1159 1526 Patricium,
1181 1469 1246 1514 cete·
1281 1453 1282 1498 i

279 1533 386 1608 rosque
408 1531 545 1610 spoliatos
567 1551 598 1592 re
622 1529 681 1610 ipsa
704 1531 911 1603 intellesluios,
931 1529 1053 1590 simodo
1066 1531 1115 1590 vel
1129 1529 1189 1610 ipsi,
1206 1527 1244 1587 vel
1281 1589 1282 1600 ,

279 1629 384 1670 eorum
404 1607 503 1668 caussae
523 1627 694 1680 procurator
706 1607 848 1688 quispiam
862 1606 964 1668 eodem
978 1626 1111 1686 tempore
1123 1607 1246 1683 interpel·
1281 1671 1282 1692 χ

279 1688 330 1748 let.
369 1687 443 1747 Haec
457 1686 547 1746 caussa
561 1685 611 1759 est,
630 1707 683 1747 cur
696 1707 792 1764 neque
806 1685 840 1746 ad
854 1690 1013 1762 Sireniffime
1025 1692 1133 1761 Regiae
1145 1687 1246 1760 Anglii,
1281 1699 1282 1764 Τ

278 1784 316 1825 ne
338 1784 376 1824 ue
400 1765 434 1822 ad
448 1765 552 1840 Rigi‘iiae
565 1768 652 1822 Scitiae
673 1763 778 1838 literas,
798 1784 847 1825 reri
870 1762 928 1824 hoc
951 1763 1082 1840 tempo're
1095 1765 1244 1842 quicquam

281 1783 462 1922 reliiondeat.
501 1841 572 1920 Legi
595 1841 655 1921 ipse
665 1843 809 1918 utrasque.
829 1843 947 1918 Reginae
962 1839 1082 1919 quidem
1095 1839 1247 1899 Eli'aai'iitlia

279 1939 334 2000 pro
357 1919 545 1997 spoliatorum
568 1917 660 1979 caussa
685 1941 736 1999 per
748 1919 812 1979 sane
825 1921 983 1980 clementer
994 1918 1138 1998 scriptas:
1157 1919 1246 1980 alterat

279 2016 350 2057 veto
372 1995 489 2057 alterius
509 1995 641 2057 adversus
655 1999 752 2072 Anglii
763 1997 1010 2076 querimoniarum
1044 1997 1133 2058 lenas.
1172 1995 1246 2071 Que-

278 2076 354 2134 titur
376 2075 467 2147 enim,
486 2075 515 2134 di
538 2074 621 2134 valde
643 2076 777 2210 autricus
791 2081 901 2150 Regina,
920 2071 987 2134 suos
1009 2017 1044 2132 ai
1057 2076 1156 2150 Anglii
1176 2089 1247 2133 antea

186 2183 190 2199 ε
279 2171 341 2210 non
364 2147 451 2210 semel
474 2167 597 2226 tantum,
615 2153 644 2212 se
683 2153 835 2230 aliquoties
849 2153 880 2211 in
893 2153 969 2228 regis
982 2149 1070 2228 hujus
1083 2147 1248 2213 stationibus

283 2227 387 2288 misere
399 2225 454 2288 esse
467 2229 620 2305 spoliatos,
639 2232 758 2290 navium
773 2250 841 2290 veto
854 2247 903 2289 aut
916 2230 1062 2290 bonorum
1074 2229 1247 2310 direptorum

281 2304 418 2368 hellenus
428 2305 501 2368 nihil
513 2309 599 2368 etiam
611 2307 719 2369 obnixe
732 2308 920 2368 sollicitantes
929 2327 1096 2386 recuperate
1109 2302 1241 2388 potuisse:
1282 2371 1284 2390 ι

279 2387 377 2457 Anglii
401 2395 497 2462 ne'que
521 2387 560 2445 ita
586 2405 702 2463 gravem
724 2385 864 2462 injuriam
888 2383 989 2463 passos,
1017 2403 1113 2463 neque
1139 2387 1178 2446 ita
1199 2383 1248 2444 sie·
1282 2407 1283 2420 ¹

302 2481 414 2535 uenter,
433 2461 647 2524 restitutionem
672 2481 766 2540 petere
779 2489 785 2524 :
804 2484 872 2522 cuin
884 2465 965 2541 prius
977 2462 1056 2544 ipsos
1069 2463 1182 2543 direpta
1193 2457 1248 2523 red·

280 2481 350 2600 dete
373 2543 537 2613 conveniat,
556 2559 642 2617 quain
665 2545 772 2600 aSciti's
794 2538 1007 2600 restitutionem
1028 2537 1182 2619 postulare.
1218 2535 1247 2598 Id

281 2618 408 2697 ipsumsi
419 2626 522 2690 Regina
535 2621 640 2692 Anglii<
653 2621 776 2695 ignoret,
795 2618 831 2677 de
840 2637 876 2676 eo
886 2617 1065 2694 Maiestatem
1078 2620 1144 2693 ejus
1158 2616 1248 2677 admo·

279 2696 404 2758 nondam
428 2697 491 2759 else.
531 2690 604 2756 Haec
629 2697 657 2758 bt
680 2698 743 2768 ejus
763 2697 873 2774 generis
887 2698 948 2769 alia,
969 2713 1112 2772 quantum
1125 2693 1249 2763 memini,

278 2773 313 2834 in
327 2781 415 2832 Scoti'ae
427 2781 533 2848 Riginae
555 2776 646 2835 literis
670 2775 903 2844 continebantur,
931 2793 995 2852 quae
1010 2779 1128 2830 Patricia·
1140 2795 1172 2834 ac
1188 2773 1249 2832 alio·

279 2873 347 2914 rum
370 2850 491 2912 caussam
515 2873 576 2912 non
597 2871 699 2929 parurn
714 2851 853 2912 videntur
868 2871 992 2929 gravare,
1009 2849 1249 2928 quemadmodum

282 2929 312 2990 ἃ
326 2929 400 2989 illud
410 2929 490 3006 quod
504 2928 646 3000 officiarii,
659 2929 709 3004 qui
723 2929 807 2990 rebus
817 2925 974 3004 Illandicis,
987 2930 1108 2989 nomine
1121 2929 1207 3007 regis,
1219 2943 1249 2984 eo

283 3021 414 3084 tempore
439 3009 625 3086 praefuerunt,
647 3027 699 3083 pro
713 3025 792 3068 certo
814 3003 965 3073 affirmant.
984 3007 1152 3086 portorium
1176 2999 1249 3083 quod

280 3082 340 3141 dari
355 3085 439 3155 solet,
465 3107 525 3146 non
538 3082 592 3144 else
606 3084 795 3162 persolutum,
819 3103 873 3144 nec
886 3085 1053 3145 cautionem
1068 3083 1104 3142 de
1117 3079 1250 3144 solvendo
1269 3137 1275 3158 ‚

279 3158 491 3240 postulantibus
525 3162 644 3233 datum,
677 3161 765 3238 idque
788 3161 885 3240 ipsum
914 3168 1039 3222 Cimi'tcm
1061 3161 1097 3220 ab
1120 3160 1251 3228 Arulis,

280 3243 410 3297 Dislirim
432 3249 537 3298 Parrum
554 3248 725 3298 Secretarium
740 3261 772 3300 ac
786 3253 896 3300 ceteros
909 3239 1084 3300 consiliarios
1098 3237 1182 3299 noni
1224 3255 1251 3296 o-

280 3336 351 3386 rare,
370 3337 438 3378 cum
454 3320 521 3378 huic
535 3316 796 3378 caulsaeuudiendae
810 3319 997 3393 praefueiunt.
1025 3309 1116 3392 'Qute
1130 3337 1175 3378 ret
1185 3257 1251 3376 iinad

279 3413 365 3453 veios
377 3397 501 3456 calculos
516 3415 678 3468 revocetur,
697 3395 858 3458 verendum
871 3394 919 3467 est,
941 3415 977 3454 ne
990 3391 1049 3472 ipsa
1063 3395 1249 3474 spoliatorum

223 3477 225 3480 ’
279 3470 380 3542 caullae
404 3476 468 3548 plus
493 3476 526 3534 sit
548 3475 696 3546 obfutura,
715 3493 801 3550 quain
828 3473 987 3553 profutura.
1027 3472 1158 3542 Tametsi
1176 3470 1251 3530 enini

279 3550 357 3627 tegis
380 3548 468 3623 hujus
493 3553 524 3612 in
535 3555 649 3619 lstandi'a
661 3551 844 3623 jurisdillioa
857 3557 937 3607 Scitis
951 3552 1077 3628 graviter
1088 3549 1121 3610 fit
1134 3551 1252 3618 violata,

279 3641 377 3688 tamen
400 3647 468 3686 cuni
489 3626 623 3688 vestrates
643 3631 847 3706 portorio'non
860 3629 965 3701 soluto,
984 3629 1106 3688 domum
1122 3627 1252 3696 abierint,

243 3699 251 3800 Ἰ
280 3708 372 3794 quaeri
393 3702 506 3768 sortasse
528 3707 653 3786 poterit,
680 3723 780 3769 uerum
795 3706 843 3770 hic
855 3727 905 3770 rex
918 3706 1115 3770 defensionem
1127 3701 1252 3840 ipiizglaet·
