2570 4462
24 354 28 368 Ι
136 239 162 326 ἢ
247 245 388 350 ιιι
458 240 1232 350 coumsuoatrrruausw.

595 515 720 594 E‘l’l
745 517 768 589 S
789 515 835 590 T.
885 515 1002 594 XXII.

691 668 750 732 tar
773 667 916 754 olam.

582 803 690 892 Ιιιιο
721 803 989 888 actorum

401 929 484 994 Sacra
502 925 652 1010 Scriptura
663 927 814 1003 discimus,
833 924 1049 994 honoratissime
1060 925 1195 1002 Donirte,
1211 937 1261 988 mm

283 1031 285 1036 ·
402 1007 524 1070 demum
536 1009 647 1090 populo
660 1005 714 1070 suo
726 1005 827 1068 Deum
841 1005 1001 1088 Optimum
1016 1003 1181 1070 Maximum
1193 1005 1261 1066 unite

304 1085 417 1162 favere,
429 1107 501 1149 cum
513 1105 575 1150 non
588 1104 705 1179 pueros,
723 1083 772 1146 sed
785 1086 865 1146 viros
881 1083 1039 1168 prudentes
1052 1083 1089 1146 ad
1101 1102 1193 1146 rerum
1204 1079 1262 1164 pub-

303 1161 430 1228 licarum
449 1164 693 1244 gubernationem
705 1161 851 1224 divinitus
861 1159 1015 1242 designasse
1027 1163 1152 1224 tidemr.
1181 1159 1261 1240 Splen·

302 1241 362 1306 dor
372 1241 615 1306 autem&decus
625 1240 781 1324 prudentis
793 1240 853 1304 viri
864 1243 945 1302 nulla
955 1235 1260 1303 aliainreeminentius

303 1321 411 1398 elucet,
429 1339 521 1400 quam
541 1341 609 1383 cum
622 1337 685 1384 tota
696 1335 795 1382 mente
807 1317 841 1380 in
859 1315 934 1380 hanc
946 1319 1096 1382 incumbit
1117 1335 1213 1387 msam,
1234 1327 1261 1373 st

302 1398 358 1462 illa
379 1398 539 1462 honainum
559 1393 964 1475 societas„cuiusrestionem
984 1388 1153 1478 susceperit,
1166 1393 1260 1460 'summi

303 1493 376 1538 eum
388 1477 531 1539 felicitate
552 1475 738 1552 tranquillam
757 1474 850 1535 vitam
862 1474 1004 1537 traducat.
1036 1473 1070 1536 id
1084 1471 1260 1554 quodsemptr

302 1555 423 1616 evenire
444 1553 527 1627 solet,
547 1555 602 1614 ubi
614 1553 770 1614 hominum
796 1571 866 1614 cum
889 1571 972 1615 mens
995 1550 1128 1616 dos’trina
1144 1549 1257 1616 utun,

291 1647 370 1698 ,tum
386 1633 441 1695 reli
463 1651 500 1692 ua
512 1632 611 1693 omnis
628 1633 690 1692 vita
712 1629 837 1710 publica
860 1631 941 1770 pacis
951 1629 1087 1712 prasidio
1098 1626 1256 1692 communio

300 1707 403 1772 fuerit.
473 1707 592 1770 osirinae
615 1707 772 1782 homines,
802 1725 838 1772 ut
881 1709 995 1771 omines
1020 1708 1097 1784 sint,
1115 1707 1144 1770 dt
1162 1723 1193 1769 ut
1208 1719 1257 1782 ger·

298 1805 422 1850 manum
444 1787 633 1850 humanitatis
654 1793 764 1848 nomen
777 1787 943 1861 retineant,
960 1785 1029 1848 sola
1042 1785 1165 1848 faciunt.
1198 1781 1256 1843 Pre-

203 1919 209 1932 .
298 1863 407 1926 sidium
426 1866 507 1946 pacis
528 1863 576 1926 hic
599 1862 735 1928 homines
760 1864 838 1925 inter
859 1864 889 1927 se
907 1863 1066 1940 devincit,
1083 1881 1119 1926 ut
1129 1859 1254 1938 aelmaer

299 1939 378 2015 eli'et,
391 1943 488 2004 omnis
499 1939 655 2004 bominum
669 1939 832 2004 humanitas
844 1941 876 2004 in
891 1942 1106 2004 immanitatem
1118 1939 1253 2002 muman

299 2018 386 2084 brevi
397 2019 606 2099 prolaberetur.
644 2019 802 2098 Quantum
815 2041 886 2082 vero
899 2020 1055 2100 prudentie
1069 2037 1118 2082 rua
1130 2005 1253 2103 divinavi

256 2159 258 2166 ,
298 2095 363 2160 laec
382 2097 443 2158 duo
456 2098 636 2178 Reipublicae
657 2099 776 2160 vincula
791 2097 985 2160 conservanda
1006 2095 1198 2168 elaboraverit,
1216 2105 1253 2170 ιι·

297 2175 396 2236 cunda
409 2196 463 2238 nos
478 2175 609 2257 profesto
619 2178 758 2238 memoria
770 2183 914 2250 tenemus,
925 2177 954 2238 dc
967 2177 999 2237 in
1008 2178 1155 2240 literarum
1163 2169 1253 2234 stons-

297 2256 407 2316 mentis
422 2257 454 2316 in
469 2252 616 2316 infinitam
634 2253 1085 2334 posteritatemaransmittemus.
1117 2241 1252 2338 Namfi'ab

295 2330 363 2412 ipso
397 2333 472 2396 rimo
495 2350 564 2394 ortu
588 2333 744 2394 crescentis
766 2332 919 2410 dignitatis
934 2351 1008 2407 me,
1031 2330 1250 2394 benificiatusto

294 2411 361 2471 Aca
383 2411 488 2472 emiam
501 2407 627 2471 nostram
640 2409 898 2472 commemorando
918 2411 1138 2491 perveniremus
1149 2405 1180 2468 ad
1192 2403 1249 2464 lare

295 2487 518 2563 celsamsedem,
530 2489 562 2549 in
576 2507 632 2564 qua
645 2508 724 2550 nunc
742 2489 865 2556 collatus
875 2508 906 2549 es
918 2513 926 2548 :
944 2487 1249 2562 sentiemus,nunquu

294 2565 353 2628 tibi
377 2566 494 2630 aditum
515 2565 692 2646 patesastum
713 2563 769 2627 elle
792 2566 827 2625 ad
849 2566 1056 2630 sublimiorem
1079 2565 1234 2628 dinumera

294 2645 372 2724 quin
391 2643 494 2708 iisdem
518 2643 584 2726 ipsis
601 2643 738 2720 gradibus
751 2645 810 2704 tuis
830 2645 922 2705 litcrae
935 2645 1011 2704 nixae
1025 2646 1055 2707 dc
1069 2617 1232 2705 inistentes

293 2723 437 2798 majorem
454 2721 568 2800 semper
586 2722 769 2799 splendorem
790 2723 819 2781 δε
838 2722 1081 2799 amplitudinem,
1103 2727 1248 2781 unatoeum

292 2801 428 2862 excitatas
439 2799 636 2880 aspiraverint.
674 2799 722 2868 Et,
734 2818 770 2860 ut
784 2819 851 2860 vere
864 2800 1015 2874 fateamur,
1029 2789 1248 2880 agnoscinesbo·

292 2879 418 2938 nitatem
427 2895 508 2938 tuam
517 2877 555 2936 fic
564 2875 593 2938 se
605 2875 752 2950 effudisse,
779 2877 814 2936 ad
827 2878 1082 2958 conplectendum
1093 2891 1189 2940 omnes
1198 2881 1248 2952 pst·

292 2969 339 3018 tes
361 2955 514 3036 dignitatis
527 2957 687 3027 literarum,
713 2974 749 3018 ut
762 2955 830 3034 ipsae
854 2955 946 3017 litera
959 2958 1106 3036 ignorent,
1122 2947 1189 3034 quid
1200 2963 1249 3008 Μ·

290 3031 372 3114 plius
385 3053 400 3093 a
412 3051 442 3094 te
455 3032 490 3093 ad
503 3053 603 3094 earum
615 3031 867 3094 conservationem
880 3051 979 3113 petere
999 3051 1117 3112 queant,
1143 3027 1191 3092 nist
1201 3021 1247 3086 bvi

291 3123 418 3184 tantum,
438 3127 474 3172 ut
484 3109 564 3188 quod
576 3109 689 3188 sempev
700 3109 805 3183 fecisti,
816 3109 873 3174 hoc
886 3129 1028 3192 perpetuo
1039 3113 1135 3184 facias,
1145 3123 1179 3170 ut
1186 3101 1246 3164 dm

290 3185 445 3252 literarum
462 3189 621 3268 petitiones
641 3191 729 3250 atuis
751 3190 864 3249 meritis
882 3191 1048 3264 vincantur,
1073 3187 1190 3251 minime
1197 3177 1246 3241 sor·

290 3263 415 3340 strident,
434 3285 472 3325 ne
484 3267 610 3326 aliorum
622 3266 765 3346 imperita
780 3267 943 3328 crudelitati
955 3269 1156 3346 subjiciantur.
1191 3258 1245 3331 Asi

289 3342 403 3420 igitur,
427 3343 578 3406 clarissime
591 3343 663 3416 Vir,
684 3345 713 3406 δι
728 3363 870 3422 perpetuo
890 3365 964 3424 age,
988 3363 1023 3408 ut
1036 3347 1126 3410 litera
1140 3344 1168 3402 in
1180 3332 1245 3396 lumi

289 3419 457 3490 locum,ubi
469 3441 548 3482 nunc
558 3421 627 3482 sunt
635 3441 684 3482 tua
695 3422 874 3502 potissimum
885 3443 970 3502 opera
976 3423 1146 3497 eveftaeaua
1156 3411 1243 3500 itidem

289 3497 462 3560 undositate
481 3499 641 3574 ineodem,
663 3519 733 3559 cum
746 3499 889 3577 dignitate
911 3501 971 3575 sua,
995 3499 1171 3563 &consueto
1181 3505 1242 3574 ⁰³¹⁰!

289 3575 473 3653 acquiescere
485 3583 612 3653 queant:
633 3595 695 3652 quo
708 3579 789 3647 otio,
812 3597 873 3654 quo
886 3579 986 3642 minus
998 3599 1080 3640 more
1091 3571 1183 3638 nostro
1193 3566 1242 3626 sm!

287 3655 384 3727 liccat,
405 3669 550 3714 tentatum
563 3650 604 3712 est
618 3673 669 3731 per
687 3653 840 3716 hominem
853 3655 931 3735 apud
947 3671 1001 3718 nos
1015 3657 1097 3718 valde
1109 3645 1242 3716 turbulen-

288 3751 363 3808 tum,
382 3731 504 3793 nonline
516 3737 692 3792 assensuum.
721 3733 778 3795 Res
792 3736 887 3813 primo
900 3735 1014 3816 aspedu
1026 3734 1120 3816 gravis
1131 3724 1243 3863 ιιῖῑνῼὲἓ

1192 3821 1200 3860 ι
