2684 4476
1164 130 1176 163 Ι

286 231 334 286 20
475 207 551 300 ou
587 207 735 286 urta
771 209 849 284 tt
881 177 1086 284 'onitu

193 345 194 348 ’
288 331 388 404 animo
405 349 508 397 omnes
525 331 661 401 omnium
674 329 831 410 civitatum
843 326 1070 405 consuetudines
1080 327 1153 412 scire
1167 328 1273 418 euple.
1310 377 1312 382 ,

290 409 348 470 bat.
386 408 421 470 ln
433 426 494 470 tota
503 425 602 469 tarnat
615 407 667 488 bac
680 409 922 488 peregrinatione,
944 408 977 467 in
991 408 1078 484 longa
1092 402 1272 490 hac-volup·

289 485 360 566 tate,
380 505 438 562 qua
450 485 688 566 perfundebatur,
707 502 816 547 exteras
828 487 964 564 regiones
974 484 1166 563 peragrando,
1182 501 1273 546 vcarte·

291 583 451 642 torumque
463 583 560 625 mores
569 565 599 625 bt
613 563 716 642 populi
729 562 803 624 ritus
815 559 1029 640 perlustrando:
1049 562 1117 622 vire
1130 561 1223 622 libere
1236 561 1272 621 in
1316 609 1317 613 ,

292 643 326 702 in
350 639 453 703 studiis
464 641 645 716 cantabrigia
659 639 735 718 asle,
765 643 874 702 nullam
885 642 977 718 vitam
989 641 1075 699 etiam
1087 639 1107 700 st
1118 637 1273 718 splendida

292 735 457 798 appareret,
476 720 576 780 necin
590 718 738 800 republica
750 721 899 794 Angiicana
912 737 982 779 cum
994 716 1147 796 dignitate,
1166 716 1273 778 necin

290 797 455 882 'peregrinis
473 797 663 869 nationibus,
680 815 750 857 cum
761 797 922 857 multarum
935 815 1033 856 rerum
1046 795 1223 872 experientia
1238 793 1272 855 δι
1332 825 1333 828 ¹

290 877 452 1012 voluptate,
465 873 684 953 comparandam
697 870 751 934 elle
766 873 917 950 judicavit.
957 872 1065 933 Dulces
1078 873 1140 933 illic
1149 867 1270 933 sortall'e

314 969 363 1014 uta
385 971 413 1014 at
429 947 484 1013 elle
495 949 660 1013 studiorum
686 953 827 1027 comites,
847 951 943 1023 datlcia
958 951 1125 1028 colloquia,
1144 949 1271 1012 tutas&

291 969 350 1104 iane
384 1032 497 1110 ericulo
510 1029 609 1098 suaves
621 1029 891 1103 obambulationes,
909 1025 1084 1091 dulcillimas
1096 1027 1216 1100 Musas,
1234 1025 1274 1087 fi-

292 1051 449 1171 deliirmos
462 1107 580 1182 amicos,
598 1109 719 1169 intimos
731 1108 866 1168 omnium
879 1106 1066 1185 consiliorum
1077 1105 1181 1178 socios,
1213 1123 1273 1167 uos

216 1257 219 1264 ¹
292 1186 375 1248 idern
389 1202 478 1260 amor,
497 1185 576 1248 idem
589 1205 656 1262 erga
667 1185 764 1246 literas
775 1185 869 1260 ardor,
889 1183 991 1245 eadem
1003 1181 1096 1244 lludia
1108 1183 1178 1243 arsli
1201 1183 1272 1244 imis

293 1265 324 1325 δι
338 1262 413 1340 quali
426 1262 614 1341 adamantinis
626 1263 761 1325 amicitiae
774 1264 903 1324 vinculis
917 1259 1099 1342 copulabant.
1122 1257 1171 1322 Est
1186 1262 1272 1320 enim

293 1337 326 1402 ea
339 1339 477 1412 verillima
490 1341 637 1416 amicitia,
657 1355 743 1416 quam
756 1341 849 1400 virtus
862 1340 1066 1417 conglutinat,
1086 1357 1148 1400 non
1160 1340 1268 1415 volup-

293 1437 346 1492 tas,
366 1437 415 1480 aut
427 1419 539 1488 utilitas
550 1418 726 1499 conjungit:
748 1435 812 1496 que
825 1416 877 1478 ubi
889 1416 976 1478 semel
989 1415 1143 1498 hominum
1162 1417 1273 1477 animis

293 1514 406 1575 recepta
420 1497 519 1569 suerit,
539 1493 640 1571 ibique
653 1494 762 1557 radices
774 1497 878 1573 egerit,
894 1496 924 1556 δι
937 1495 1096 1566 coaluerit;
1115 1493 1273 1569 nunquam

294 1567 495 1651 extinguitur,
513 1573 622 1648 etiamst
635 1573 721 1633 amiel
734 1574 869 1634 locorum
897 1573 1058 1633 intervallis
1069 1571 1273 1709 sejungantur.

245 1665 250 1676 ·
292 1671 346 1737 per
357 1653 464 1724 literas,
481 1653 528 1710 vel
541 1669 592 1728 per
605 1651 739 1730 nuncios,
752 1666 801 1710 aut
815 1651 872 1711 alio
885 1649 976 1711 modo
988 1650 1129 1710 amicitias
1167 1647 1271 1714 odiose

293 1730 438 1801 retinent,
463 1725 661 1800 &firmisunt
673 1726 851 1790 conservant.
891 1728 1016 1807 Optime
1027 1733 1122 1798 Cicera,
1144 1725 1274 1788 utsem-

217 1863 220 1870 ,
292 1823 345 1898 per
369 1805 460 1878 solet,
479 1804 554 1866 mihi
575 1802 677 1866 dixisse
697 1804 822 1866 videtur.
861 1813 986 1863 omnium
1005 1800 1176 1880 societatum,
1194 1809 1270 1861 naua

292 1885 454 2018 prestantior
474 1884 513 1960 est,
534 1888 605 1940 naria
620 1884 735 1960 firmior,
752 1903 833 1960 quam
846 1903 905 1942 tum
919 1888 980 1940 viri
994 1883 1052 1939 boni
1065 1884 1176 1939 maribus
1191 1881 1273 1960 fimi.

306 1983 339 2032 rs,
357 1958 423 2035 ,sunt
430 1957 630 2036 familiaritate
643 1963 787 2038 coafuniii:
817 1959 888 2036 nihil
900 1967 968 2019 enim
982 1961 1126 2016 amabilius
1138 1980 1181 2016 nec
1195 1977 1273 2036 capu-

293 2040 396 2117 latias,
415 2057 495 2113 quam
510 2057 607 2108 marum
622 2038 770 2118 similitudo
782 2038 908 2118 bonorum,
949 2036 1120 2098 Praeferebat
1134 2036 1206 2096 hanc
1220 2037 1270 2096 vi-

291 2131 353 2176 tam
375 2119 488 2188 reigerus
508 2111 653 2190 Aschamas
664 2117 746 2177 omni
758 2115 915 2193 splendori,
933 2114 1018 2176 omni
1032 2114 1180 2192 dignitati,
1202 2135 1273 2174 om·-

294 2191 439 2276 'pibusque
451 2194 481 2252 in
501 2193 662 2274 Republica
675 2192 831 2270 splendidis
845 2195 1023 2254 muneribus.
1063 2193 1100 2254 Et
1112 2210 1200 2268 quam
1215 2195 1273 2253 ali-

295 2289 341 2330 am
354 2271 393 2329 ob
406 2267 526 2340 caullam
540 2271 717 2349 preferebat,
736 2271 791 2331 nist
802 2289 840 2344 ut¹
851 2272 950 2348 quiete
961 2270 990 2332 se
1003 2269 1094 2331 Musis
1107 2286 1206 2330 totum
1218 2268 1274 2331 de-

295 2345 386 2419 deret,
406 2349 537 2408 animum
551 2349 693 2410 continuo
706 2349 798 2410 literis
810 2350 962 2410 excoleret.
993 2349 1125 2410 Graecam
1135 2349 1273 2424 linguam

294 2443 352 2500 qua
375 2425 449 2484 mire
471 2425 653 2502 capiebatur,
672 2428 851 2500 Canabri'giae
873 2426 1008 2498 doceret,
1035 2427 1065 2486 δι
1088 2424 1279 2504 Demasshem's,

294 2519 384 2578 quem
408 2503 457 2564 ille
478 2501 603 2578 lludiose
624 2502 744 2582 semper,
776 2501 971 2565 studiosissime
985 2523 1136 2563 varocum
1149 2503 1180 2562 in
1195 2501 1275 2564 Ger-¹

294 2583 390 2640 mania
412 2575 498 2654 elltt,
517 2581 668 2658 volvebat:
688 2579 830 2652 succum,
848 2582 919 2652 vim,
938 2580 1119 2649 suavitatem,
1137 2578 1275 2658 phrasim,

294 2677 424 2750 veneres,
445 2659 581 2731 omnibus
594 2660 703 2732 Graecae
722 2661 828 2737 linguae
842 2655 971 2718 studiosis
985 2660 1158 2729 enuclearet,
1177 2659 1207 2718 aa
1220 2680 1275 2720 ex·

293 2737 453 2812 primeret?
491 2735 604 2796 Solebat
627 2731 723 2796 dicere
743 2757 793 2797 eos
806 2737 950 2808 hominm,
969 2737 1056 2798 &res
1068 2735 1206 2796 humanas
1219 2755 1274 2800 nee

290 2813 374 2882 scire,
395 2813 423 2872 &
448 2812 577 2888 jucunde
601 2813 667 2879 ailae
690 2813 915 2883 vitodelesium
928 2814 1045 2892 penitus
1058 2817 1198 2891 ignorare,
1215 2816 1273 2890 qui

292 2907 355 2950 non
376 2885 568 2966 sequebantur
587 2910 676 2956 unam
689 2911 724 2954 ex
738 2892 797 2952 illis
811 2891 982 2964 rationibus,
1002 2911 1074 2968 quas
1090 2897 1125 2948 ll.
1139 2896 1167 2950 Τ,
1181 2898 1273 2949 ciem

293 2968 325 3026 in
341 2967 431 3045 prima
445 2966 581 3043 primi'de
593 2967 717 3048 Oratore
727 2967 867 3030 sententia
878 2968 1103 3040 commendavit,
1118 2987 1274 3042 nunquam

292 3041 457 3118 assequutus
470 3042 521 3124 est,
539 3043 595 3104 hoc
609 3043 658 3106 est.
699 3047 833 3104 Ptrbtatas
862 3043 980 3136 iiaseffi,
999 3050 1047 3123 qui
1063 3065 1119 3102 eum
1131 3051 1276 3103 vitetur-

287 3117 349 3196 [εφη
363 3135 446 3177 tenere
456 3125 613 3198 patuerunt,
636 3137 667 3179 at
680 3124 726 3181 vel
736 3128 765 3180 in
779 3122 890 3198 negotio,
901 3125 955 3206 fiae
967 3123 1093 3198 pericula,
1117 3125 1163 3179 vel
1175 3128 1203 3179 in
1219 3129 1275 3181 otia

291 3200 493 3272 condignitate
507 3196 550 3272 effe
568 3197 670 3276 palliat.
712 3201 790 3261 Cum
804 3203 860 3276 jam
875 3203 906 3261 in
920 3202 1020 3261 multis
1034 3205 1183 3266 Germania
1195 3201 1276 3261 civi·-

290 3275 415 3346 tatibus,
429 3277 458 3352 bt
473 3277 619 3352 aliquibus
632 3279 720 3338 etiam
730 3280 818 3336 ltalia
832 3278 961 3349 urbibus,
982 3297 1050 3336 cum
1064 3279 1210 3354 magna&
1225 3280 1277 3337 vi-

290 3351 378 3433 dendi
392 3356 560 3430 voluptate,
582 3355 610 3414 dr
626 3353 756 3416 desiderii
770 3356 905 3434 explendi
919 3353 1080 3433 cupiditate
1094 3399 1101 3426 ,
1120 3359 1277 3417 maximo-

291 3449 349 3506 que
359 3432 544 3506 experientia
555 3429 654 3492 frudiu
665 3433 699 3492 ab
711 3433 800 3494 Anno
813 3434 936 3493 Domini
952 3451 1032 3505 1550.
1044 3434 1198 3506 Septembris
1207 3433 1274 3495 XX.

290 3507 428 3582 usquead
444 3529 552 3567 atinum
571 3528 621 3582 155
628 3529 652 3583 3.
680 3527 878 3573 commoratus
891 3508 1004 3570 suisset:
1026 3512 1097 3574 iulii
1112 3509 1166 3568 Vl.
1207 3511 1276 3570 No-

290 3583 442 3644 bilillnnus
465 3587 603 3662 Princeps
627 3588 770 3644 Eduardur
792 3594 903 3657 Sextus,
923 3591 1077 3649 immatura
1103 3603 1213 3648 morte.
1235 3587 1274 3647 ad

287 3659 378 3756 liujus
403 3665 486 3742 rigni
507 3668 669 3729 maximum
693 3663 911 3741 detrimentum,
932 3663 966 3725 ad
991 3665 1109 3742 piorum
1133 3668 1278 3752 omnium

512 3777 514 3782 .
724 3777 726 3782 ·
1220 3763 1272 3804 tn·
