2684 4476
283 176 560 268 noounr
609 191 928 274 asculus.
1075 231 1096 296 3

86 331 161 390 tent,
182 333 241 375 nee
266 314 434 375 emineatis
457 313 582 375 alionum
605 313 780 376 eruditionis
790 331 851 378 tam
863 315 1009 392 invidens,
1040 337 1093 382 aut

87 396 148 453 mei
170 392 375 464 obliviscens,
393 408 432 452 ut
444 411 506 452 non
517 390 632 470 semper
644 392 850 470 cognoscerem
863 397 1090 472 complurimos,

89 470 120 530 δι
143 490 197 549 pre
252 469 498 538 innumerabiles,
521 469 676 545 utriusque
689 470 859 532 Academia
872 473 1015 547 alumnos,
1033 473 1089 536 hu·

91 549 167 621 iusm
210 553 221 608 i
233 549 372 609 laborum
385 545 666 620 conficienriffimos,
685 549 715 610 δι
729 547 764 608 ad
777 547 838 610 hec
851 547 1007 626 praestanda
1020 573 1087 613 mu-

93 645 163 685 nera
174 628 264 703 longe
276 625 446 702 aptissimos.
485 625 537 686 sie
550 625 682 704 proferto
695 625 817 690 stultam
830 629 935 700 nimis,
963 631 1094 708 puerile,

99 703 130 762 de
152 726 168 762 a
191 707 342 766 communi
369 704 503 764 utilitate
525 701 682 764 abhorrens
704 701 822 779 suiller3
841 722 901 766 tarn
921 705 1029 767 durum
1050 710 1085 772 in

98 781 259 859 meipsum,
280 801 340 842 tarn
353 779 511 842 difficilem
524 799 594 856 erga
605 781 690 852 alios,
706 799 767 846 tam
781 783 914 846 aversum
928 805 943 844 a
957 785 1084 850 literaria

97 857 253 936 Republica
266 855 325 920 elle
334 887 344 934 3
354 875 391 918 ut
403 875 538 936 putarem
552 879 601 918 me
614 861 746 934 omnino,
762 859 797 922 ad
810 859 867 922 hoc
880 861 1083 928 adornandum

95 957 199 997 munus
211 939 353 1015 ineptum
366 937 396 998 δι
404 937 546 998 inutilem
559 932 624 997 elle.
644 937 778 1012 Quidni?
791 939 891 1000 nalms
903 937 964 1000 hac
975 939 1082 1020 scripta

89 1013 124 1072 ad
145 1017 276 1076 aliorum
304 1014 436 1076 fruman
449 1017 482 1074 in
495 1015 596 1074 lucem
609 1035 669 1074 non
682 1015 865 1092 proferrem?
889 1035 940 1076 aut
953 1020 1081 1096 conqui-

88 1091 254 1153 escentibus
279 1095 356 1164 aliis,
380 1091 461 1153 hunc
482 1091 622 1163 laborem,
644 1095 811 1154 communis
830 1095 968 1156 utilitatis
988 1099 1080 1174 gratia

85 1168 352 1247 subterfugerem?
391 1170 442 1230 Ad
464 1169 557 1246 hujus
578 1171 670 1246 igitur
690 1171 823 1232 muneris
845 1170 1080 1250 susceptionem,
1167 1187 1170 1192 '

86 1267 146 1307 non
164 1250 267 1327 aliqua
281 1248 378 1309 laudis
391 1247 567 1325 exspeslatio
580 1267 668 1324 quam
682 1269 718 1310 ex
736 1249 827 1306 Publii
840 1253 951 1323 Virgilii
962 1258 1081 1310 Maronis

87 1329 226 1401 preclaro
239 1347 260 1386 o
344 1325 465 1408 adeptus
478 1323 519 1385 est
534 1328 672 1398 Orlavr'm,
685 1347 733 1388 me
746 1326 886 1402 impulit:
912 1325 960 1386 sed
972 1331 1078 1390 volun·

85 1417 126 1462 tas
146 1424 216 1464 mea
240 1425 256 1463 a
301 1406 398 1464 literas
409 1401 592 1484 paratiffima,
611 1400 866 1481 studiosorumque
879 1401 1077 1466 adolescentu-

84 1481 184 1541 lorum
213 1481 404 1558 provehenda
430 1477 524 1542 studia
550 1481 618 1542 satis
630 1480 779 1561 propensa,
805 1483 980 1544 commovit.
1018 1483 1076 1545 Res
1135 1539 1138 1548 .

84 1575 186 1696 {ves
210 1561 244 1621 ἃ
266 1556 484 1637 pemeeeffariae
507 1557 649 1620 attrahere
671 1580 718 1619 me
752 1557 932 1635 potuissent,
970 1576 1076 1638 utpote

118 1655 217 1698 turnus
228 1657 319 1698 meus
331 1657 401 1716 erga
412 1645 543 1712 Rogarem
556 1633 714 1712 Aschamum
727 1657 807 1698 amor
819 1683 827 1710 ,
848 1638 964 1715 egregia
978 1637 1075 1698 homi.

84 1715 214 1788 nislaus,
238 1715 418 1778 excellentis
428 1713 568 1774 domina
584 1713 743 1786 admiratio,
767 1716 863 1775 tacitae
877 1713 1074 1778 studiosorum

83 1789 120 1850 de
132 1793 214 1852 illius
224 1793 359 1872 ingenio
373 1791 585 1868 &eloquentia
598 1793 802 1868 cogitationes:
828 1811 892 1869 que
905 1795 1008 1862 omnia
1015 1813 1081 1873 ego·

85 1887 143 1928 non
157 1871 363 1948 neglexerim,
386 1867 434 1929 sed
447 1872 568 1949 privatae
582 1889 713 1930 meorum
726 1867 890 1949 studiorum
903 1871 1028 1932 rationes
1043 1873 1073 1933 δι

85 1947 174 2007 animi
184 1949 367 2020 deleflatio,
391 1965 456 2024 quae
468 1947 544 2007 mihi
557 1948 587 2006 in
600 1949 663 2020 eius
674 1948 804 2024 legendis
817 1946 956 2008 chartulis
968 1949 1073 2028 obrep-

85 2022 161 2096 serit,
185 2042 221 2086 ut
243 2025 334 2087 hunc
356 2024 535 2100 potillimum
560 2025 687 2086 laborem
710 2024 893 2102 susciperem,
913 2025 955 2098 ‚in
970 2027 1073 2102 primis

87 2100 276 2166 adduxerunt.
304 2104 346 2164 In
359 2101 417 2164 lriis
428 2105 507 2163 enim
521 2101 665 2179 legendis,
679 2101 822 2162 scribendi
835 2102 975 2163 suavitate
987 2104 1072 2164 valde

84 2177 261 2256 deledabar5
289 2183 332 2242 in
350 2181 455 2241 litteris
473 2178 697 2258 perleditandis‚
722 2181 863 2239 orationis
875 2181 1071 2242 alliciebarle-

85 2260 229 2334 nociniis;
253 2263 289 2320 in
321 2257 476 2318 sententiis
501 2256 675 2336 diligentius
700 2257 905 2336 appendentiis,
930 2275 1011 2318 totus
1036 2261 1069 2318 in

84 2335 142 2408 eius
165 2337 282 2415 ingenii
307 2335 342 2395 ἃ
356 2334 496 2395 dotti-ine
509 2335 731 2396 admirationem
745 2335 895 2413 rapiebar.⁸
921 2337 952 2394 in
967 2337 1071 2395 verbo-

86 2431 144 2472 rum
167 2418 262 2494 copia,
286 2430 404 2473 ornatu
418 2413 447 2473 δι
460 2410 601 2473 structura
614 2412 764 2486 intuenda,
790 2414 863 2472 mira
874 2413 1069 2489 perfundebar

85 2494 236 2570 voluptate.
277 2490 473 2570 Transcripli
488 2487 585 2550 statim
597 2492 695 2550 omnia
709 2492 737 2550 δι
751 2493 837 2550 variis
850 2490 922 2550 locis
935 2490 1070 2569 dispersa,

85 2565 212 2630 inunum
224 2568 416 2632 fasciculum
430 2567 539 2645 redegi.
560 2569 603 2629 Ex
616 2587 676 2644 quo
689 2567 808 2627 consilio
822 2585 898 2636 meo,
924 2587 1067 2645 operaque
1106 2620 1109 2628 t

87 2645 115 2704 in
134 2647 203 2709 hanc
225 2669 291 2709 rem
326 2647 477 2718 collocata,
501 2645 593 2705 srulla
606 2645 641 2704 ad
654 2642 745 2704 vestra
758 2642 850 2703 studia
865 2644 977 2704 utilitas
990 2649 1068 2705 exire

88 2739 164 2800 etque
175 2743 322 2786 emanare
330 2725 484 2812 potuerit:
510 2740 574 2784 tum
587 2723 654 2782 satis
668 2743 715 2797 me
729 2722 824 2784 laudis
838 2720 983 2798 paravisse,
996 2724 1067 2782 ube-

89 2817 195 2882 muque
219 2803 339 2868 laboris
367 2803 428 2864 mei
453 2801 582 2862 frustum
608 2795 770 2876 percepisse,
795 2799 961 2859 arbitrabor.
1001 2802 1065 2860 Nec

90 2873 137 2938 lme
148 2901 162 2938 a
173 2901 219 2940 me
231 2895 414 2957 arroganter
425 2879 539 2944 fadum
552 2877 711 2950 existimari
725 2880 831 2946 velim,
858 2877 877 2934 st
891 2876 926 2934 do
942 2873 1066 2949 assitunt

91 2971 145 3016 mco
157 2959 228 3018 illud
241 2977 384 3029 carmen,
410 2957 494 3020 valde
506 2955 627 3018 fortassis
641 2973 769 3015 amanter
782 2954 948 3031 predicent,
972 2973 1005 3011 ut
1019 2977 1068 3013 or-

95 3027 150 3092 line
160 3038 318 3105 ultimum,
334 3036 372 3095 stc
386 3055 450 3094 mea
464 3035 614 3106 sententia,
641 3032 782 3109 dignitate
796 3034 934 3109 primum,
951 3033 978 3090 8<
994 3031 1064 3090 huie

99 3127 149 3168 meo
160 3115 309 3194 proposito
323 3129 447 3192 aptum,
475 3101 555 3188 quod
569 3110 670 3172 deluo
684 3112 811 3185 Virgilio,
837 3112 964 3165 Oti-avla
982 3110 1064 3168 valde

101 3185 253 3255 {summer
265 3191 435 3269 usurpavit
448 3213 456 3250 :

211 3322 367 3392 laudetur,
389 3322 497 3392 vegeat,
513 3317 627 3393 placcat,
647 3316 789 3388 relegatur,
811 3329 922 3372 ametur.

127 3417 177 3479 Sed
197 3424 376 3504 deAsclaamo
399 3448 467 3487 meo
483 3430 600 3504 longior
611 3431 686 3492 mihi
700 3432 851 3492 vobiscum
865 3434 1063 3496 instituendus
1158 3450 1159 3454 ’

91 3491 128 3553 0st
146 3498 236 3577 senno,
262 3505 399 3583 ingenui
425 3506 629 3568 adolescentes.
669 3511 705 3568 Et
730 3509 765 3568 de
785 3509 910 3587 Ali-loma
931 3515 1063 3587 quidem,

91 3571 252 3650 &eschani
277 3581 426 3644 laudibu‘a
449 3584 479 3642 δι
502 3584 630 3660 scriptis,
657 3588 746 3646 multa
770 3588 891 3648 dicenda
916 3593 1062 3658 videntur.

90 3647 186 3718 Verum
195 3663 366 3736 enimvero,
392 3679 427 3721 ut
440 3681 496 3738 ego
510 3663 614 3806 “laius
627 3663 700 3806 Tibi
714 3665 831 3727 dicendi
846 3669 880 3735 de
896 3689 929 3727 co
945 3670 1062 3804 turtum

565 3762 580 3796 sl
598 3764 612 3798 2
1039 3766 1063 3802 ω’
