2612 4450
243 152 322 248 x'vi
479 135 551 239 De
576 139 690 267 Vita,
726 129 911 268 Studiis,
948 147 1032 243 &a

242 308 422 423 cibusque
448 308 599 390 viarum
618 301 795 402 instructi,
820 307 931 388 alacri
948 308 1084 390 animo
1108 308 1145 392 in
1170 331 1236 393 ere·
1289 303 1291 386 l

241 446 311 506 mo
327 437 542 533 vagantur:
581 416 751 529 dumque
773 415 858 526 post
887 416 952 500 sex
970 416 1153 529 septemve
1170 421 1237 506 dies
1287 413 1291 436 ⁴

242 539 459 644 Palmyram
477 531 685 638 attingunt,
714 531 820 611 illam
837 527 959 610 tancia
978 533 1232 616 Mellramolle·

241 731 278 784 Μ·
294 726 522 784 ⁰⁶·LXX·V¹¹¹·
562 753 642 833 lam
661 777 741 833 non
761 751 834 834 srne
850 749 998 836 summo
1015 781 1167 839 moerore
1181 757 1224 836 ri·

241 869 348 953 dent.
402 862 509 966 Quid
527 889 621 976 ergo
643 867 684 946 in
698 865 767 946 hle
782 867 1029 975 perplexitate
1048 864 1224 980 fieriopar·

241 983 351 1065 tuit?
379 983 491 1061 Duos
507 1002 557 1058 ex
576 976 688 1058 sociis
713 976 763 1058 ad
785 977 939 1059 veniam
956 979 1072 1080 illius,
1098 981 1227 1090 quoia

241 1093 350 1204 gredi
379 1093 519 1187 liceret,
547 1086 826 1199 impetrandam
847 1087 1007 1172 misere:
1045 1091 1231 1202 bostapti

241 1231 313 1288 vos
327 1204 472 1286 detinet
494 1199 700 1302 Arabsiste,
726 1220 851 1284 morte
869 1201 1066 1300 intentata,
1095 1207 1134 1286 ni
1150 1199 1232 1287 indi·

240 1317 295 1400 ἃᾶ
312 1315 557 1426 pecuniarum
580 1313 733 1409 summd‚
761 1314 878 1423 eaque
894 1340 974 1396 non
991 1315 1179 1416 mediocri,
1187 1341 1235 1398 re·

240 1431 486 1512 dimerentut.
552 1429 647 1506 Non
675 1426 784 1506 aliter
812 1451 899 1505 curn
930 1424 1173 1512 scelestllsrmo
1189 1429 1235 1511 la·

106 1553 109 1558 '
239 1557 353 1622 trone
366 1536 557 1648 agendum
576 1555 667 1618 erat.
721 1537 839 1618 Sociis
853 1537 969 1647 igitur
990 1544 1160 1649 receptis,
1184 1565 1238 1622 ur·

240 1649 327 1736 bem
343 1647 446 1760 quast
469 1652 597 1756 procul
621 1648 760 1729 intueri
774 1653 961 1750 contenti,
986 1649 1239 1763 (nequeenim

240 1785 282 1847 ut
299 1761 375 1846 sese
390 1761 523 1843 darent
541 1763 582 1842 in
599 1783 731 1841 manus
747 1758 882 1868 perfidi
899 1761 1083 1861 hominis,
1109 1761 1241 1846 omnis·

240 1905 313 1987 que
330 1875 417 1956 fidei
438 1879 478 1955 &
500 1867 700 1980 probitatis
720 1873 898 1980 expertis,
937 1875 1023 1956 licet
1047 1877 1242 1959 amicitiam

240 1987 481 2081 simulaverit,
511 1981 718 2090 permiserit
733 1981 953 2092 prudentia)
981 1984 1113 2086 tristes,
1141 1989 1243 2072 rein·

239 2100 346 2197 ferta,
376 2123 490 2206 quatu
508 2097 672 2175 aliorum
693 2096 839 2183 meliori
859 2093 959 2177 sorte
975 2097 1104 2206 postea
1130 2097 1242 2183 absol·
1289 2197 1290 2200 q

240 2212 404 2293 vendam
426 2206 622 2316 reliquere,
662 2206 830 2287 redeunt.
884 2205 1013 2310 Qtam
1033 2208 1125 2292 verb
1144 2213 1242 2322 hujus
1288 2237 1290 2260 ·

238 2320 402 2433 perfidiae
419 2324 652 2428 aliorumque
669 2316 843 2398 scelerum
862 2318 1109 2404 admissorum
1149 2347 1243 2407 oenas

220 2439 356 2517 ¹lueret
383 2430 563 2515 barbarus
580 2435 644 2514 ille
662 2428 895 2533 sylvestrium
916 2431 1086 2516 Arabum
1108 2349 1242 2518 spartus

238 2545 314 2629 save
327 2545 532 2640 Praleetua
559 2542 706 2624 ostendi
721 2543 760 2623 in
783 2543 1008 2626 l'taefatione
1031 2545 1081 2627 ad
1098 2546 1241 2657 lnscrip

236 2659 362 2741 tiones
380 2664 527 2740 Gratas
552 2657 890 2760 l'alrnyrenorunr3
932 2681 1056 2764 neque
1079 2659 1121 2740 id
1147 2687 1239 2769 repe

237 2791 316 2853 tere
332 2795 426 2879 npus
452 2770 534 2869 erit,
563 2769 738 2876 idemque
763 2764 823 2848 bis
856 2764 1010 2850 scribere
1036 2771 1239 2853 mihisotet

236 2878 632 2965 araxim‘etnrdiol'um.

295 2993 476 3075 Restabat
502 2994 572 3071 iter
591 2994 629 3071 in
652 2991 873 3098 AEgyptunr‚
901 2990 1008 3098 quod
1033 2987 1233 3087 feliciffiml,

235 3103 464 3186 secundante
477 3102 623 3185 Diviud
635 3100 892 3198 Providentia
919 3100 1099 3186 absolvit.
1141 3111 1234 3205 Quo-

236 3242 383 3325 cunque
399 3233 525 3297 autem
542 3212 577 3295 se
596 3234 766 3310 verteret,
795 3211 896 3293 idem
915 3215 1113 3298 literarum
1130 3236 1231 3310 amor,

235 3329 371 3410 eadem
389 3353 511 3407 return
533 3327 763 3408 naturalium
779 3324 1131 3433 cognoscendarum
1142 3323 1228 3432 cupi-

235 3441 370 3545 ditas3
416 3439 598 3547 praecipue
628 3435 718 3519 verb
745 3437 875 3519 eadem
906 3439 946 3518 in
977 3435 1226 3548 investigandis

234 3548 443 3635 Codicibus
467 3549 733 3654 blanuscriptis
748 3547 928 3631 industria
948 3552 1056 3632 illum
1069 3540 1223 3662 perpetui

235 3668 418 3746 comitata
433 3661 495 3744 cll.
552 3666 593 3742 lu
613 3660 717 3742 hisce
737 3681 864 3743 autern
884 3659 991 3744 libris
1007 3663 1228 3774 Coptebu·

235 3774 330 3857 bitis
356 3775 571 3882 sugillatim
601 3772 831 3854 recensendis
854 3799 934 3854 non
959 3773 1026 3874 est,
1054 3772 1154 3886 qudd
1177 3766 1229 3854 bit

236 3889 352 3968 niuali
382 3889 573 3969 anxietate
605 3883 810 3969 laborem:
845 3908 935 3978 cuna
958 3886 987 3970 ii
1012 3912 1059 3972 ex
1092 3881 1232 4073 egregig

565 643 659 750 gulo
695 635 846 748 suisque
888 638 1108 753 sequacibus
1143 641 1226 728 inses-
1290 735 1291 742 Ν
