2606 4454
255 271 347 398 136
416 261 750 345 Ixsroxrum
788 255 1074 346 Vrnoreunr
1279 147 1287 416 i‘

245 423 358 536 vulgi
377 419 552 504 fabulam
578 423 654 506 esse
680 420 834 532 semper
861 419 1047 505 credidi:
1093 451 1188 508 narn
1205 423 1241 510 'fi
1285 417 1287 432 ⁴

249 589 343 644 vera
362 585 409 641 ea
435 557 559 642 essent
578 604 591 646 5
637 559 802 644 minime
828 555 889 640 illi
908 557 1110 656 laterent3
1154 563 1236 671 quin

207 677 208 682 Ν
250 697 301 780 ab
329 695 416 777 aliis
436 722 484 777 ex
511 699 633 779 veteri
660 697 873 780 nobilitate
891 696 934 796 in
956 695 1084 779 lucem
1105 697 1234 781 dudum

250 832 413 915 fuissent
431 834 652 943 protracti,
696 862 748 916 ne
775 832 920 917 scilicet
941 859 1143 918 novorum
1162 835 1237 918 isto

252 959 338 1054 rum
370 965 583 1054 hominum
599 971 781 1086 sanguini
817 965 841 1080 (
851 969 956 1054 nosti
978 970 1179 1057 nobilium
1196 971 1242 1057 sa·

86 1154 90 1168 ·
250 1108 375 1223 stum)
397 1106 668 1202 miscerentur,
703 1106 767 1191 sed
786 1133 863 1220 pro
879 1106 963 1192 istis
979 1134 1030 1190 ex
1046 1111 1153 1209 avita
1162 1107 1244 1193 No·

252 1243 419 1327 bilitatis
454 1249 717 1359 praerogativa
755 1245 989 1329 colerentur.
1067 1245 1244 1358 Sequitur

253 1381 373 1465 index
392 1382 570 1472 virorum
587 1385 656 1494 qui
674 1410 722 1464 ex
742 1380 913 1492 equestri
930 1381 1072 1466 ordine
1088 1381 1160 1468 sub
1175 1382 1244 1467 fin·

253 1518 357 1631 gulis
392 1518 644 1630 Principibus
672 1519 891 1602 floruerunt
899 1561 914 1615 ς
949 1518 1015 1603 sed
1056 1519 1165 1606 unde
1213 1522 1244 1602 is

74 1733 77 1742 ,
252 1655 452 1738 desumtus
497 1707 512 1748 ,
581 1687 630 1739 ex
682 1653 964 1741 indubitatisne
1017 1683 1243 1744 monumen·

253 1793 336 1881 tis,
388 1822 439 1875 an
474 1820 524 1876 ex
561 1793 773 1877 vernaculo
819 1791 955 1877 nostro
1005 1790 1243 1880 Chronioo?

257 1929 484 2038 Qodsane
503 1932 546 2012 in
558 1929 851 2042 antiquioribus
870 1929 954 2015 istis
971 1931 1155 2016 nondum
1174 1959 1240 2016 cer

253 2089 336 2152 tam
355 2068 505 2150 fidem
493 2071 665 2158 invenit,
687 2067 768 2150 fine
787 2069 867 2152 alio
883 2065 1003 2168 teste,-
1026 2068 1166 2152 &sunt
1185 2069 1243 2152 sub

254 2229 426 2313 quatuor
453 2207 592 2316 primis
624 2209 709 2291 illic
736 2205 875 2318 pofitis
893 2204 1148 2317 Principibus
1167 2232 1289 2364 quae

253 2339 483 2430 desiderem
521 2347 711 2430 Extrass
710 2373 762 2427 rm
787 2372 837 2426 ex
857 2341 955 2426 thro
964 2309 1289 2452 hastiludrmu
1287 2393 1289 2478 4

210 2493 214 2502 ’
257 2487 332 2560 &c
370 2480 443 2562 nist
462 2479 575 2564 snex
594 2465 1045 2570 officinaButkeoiana
1079 2480 1243 2594 imperiti

256 2617 420 2726 alicujus
443 2618 609 2700 Haraldi
646 2615 916 2730 (ueroeam)
951 2616 1055 2704 lusus
1072 2616 1155 2700 est:
1188 2613 1242 2698 sed

256 2755 367 2840 sorex
382 2753 452 2837 suo
470 2757 508 2836 se
526 2755 664 2866 prodit
687 2753 839 2839 indicio
861 2784 868 2832 :
916 2757 1118 2844 Dominus
1135 2755 1241 2840 Theo

255 2893 406 2978 doricus
432 2892 479 2973 de
506 2892 637 2978 Linde
669 2889 717 2984 ὠ
748 2892 857 2975 Lede
884 2890 1077 2974 clamabat
1115 2891 1241 3004 Aspre-

256 3051 360 3113 mont
383 3066 395 3120 3
433 3057 482 3108 en
501 3027 689 3110 Burkenii
706 3055 882 3115 acumen.
953 3023 1153 3114 Dominus
1171 3029 1242 3114 Ar·

257 3167 391 3273 rioldus
417 3167 463 3248 de
484 3166 667 3275 sffelsteio
695 3167 889 3252 clamabat
919 3166 1081 3277 Amstel.
1134 3165 1241 3248 Hunc

257 3303 518 3422 posteriorem
540 3329 743 3411 nunquam
780 3297 939 3411 (habeo
957 3303 1071 3414 plura
1095 3300 1173 3411 ejus
1188 3299 1235 3382 di·

259 3445 435 3560 plomatr
447 3491 459 3528 ,
493 3437 619 3550 sigilla
637 3491 650 3531 ,
686 3441 842 3550 aliaque
860 3439 1147 3554 monumenta)
1163 3462 1255 3536 tum„

258 3577 462 3670 Isselstenii
483 3578 725 3688 cognomine
741 3578 888 3692 reperir
926 3603 1063 3662 verum
1080 3570 1233 3658 Amstelii

1106 3739 1237 3830 cogno·
