2606 4454
260 303 347 388 14²
437 271 761 356 Iusrourum
798 259 1077 355 Viuoaun
1280 292 1287 428 p

253 441 342 526 fimi
369 435 546 522 nominis
574 434 634 517 tui
662 433 849 516 mentio»
900 433 972 520 Sin
994 453 1129 541 aurem
1148 426 1247 523 aliter
1286 429 1287 442 '

255 577 332 666 tibi
350 572 549 662 videatur,
568 552 706 657 auuor
724 570 925 656 celabitur.
960 571 1162 684 Suggere‚
1188 601 1240 656 ro·

32 759 36 775 .
77 821 80 826 Ι
255 737 409 832 gott,
446 707 656 820 quomodo
675 711 720 792 in
754 708 835 792 hoc
868 710 1036 823 negotio
1054 712 1239 823 perignu

257 847 483 966 suppofitos
505 849 627 932 cineri
663 845 805 931 doloso
840 844 1105 930 incedendum
1133 869 1243 961 putes.

258 991 408 1100 Sequar
424 984 565 1068 lubens
582 986 728 1068 merito
746 981 954 1068 confilium
974 1005 1099 1066 tuum.
1167 983 1245 1068 Pto

257 1147 380 1241 gente
410 1123 452 1205 in
480 1120 563 1234 ipu
583 1122 817 1206 Antistitum
846 1119 1244 1228 Ultrajeuenfiumu

256 1246 474 1347 'Comitum
493 1258 687 1351 historia,
723 1287 845 1370 quam
865 1257 1008 1344 vellem
1028 1257 1079 1344 ad
1099 1285 1242 1344 manum

259 1401 337 1489 effe
353 1395 657 1487 paradoxum,
675 1408 1042 1486 monumentorum,
1061 1395 1245 1508 diploma-

258 1561 346 1624 tum
362 1558 539 1620 vrterum
557 1535 814 1648 apographa,
853 1543 894 1617 &
914 1555 1081 1626 caetera,
1118 1535 1244 1645 quibus

260 1673 515 1759 Bibliotheca
534 1692 602 1757 tua
618 1671 878 1758 instrulbaest.
915 1674 1004 1758 Ubi
1023 1670 1156 1758 nodus
1168 1670 1241 1755 rin-

246 1801 350 1898 ¹dice
358 1812 501 1924 dignus
519 1808 724 1907 incident,
755 1809 804 1896 ad
820 1838 939 1922 quem
956 1809 1122 1923 potius,
1142 1833 1244 1920 quam

261 1951 311 2035 ad
330 1971 392 2038 te,
426 1941 681 2058 confugiam?
717 1945 865 2032 Vidisti
900 1941 1098 2063 (opinor)
1116 1947 1239 2060 Jacob'

259 2086 413 2200 Eyndii
432 2082 535 2196 (heu
553 2084 755 2192 quondam
766 2087 869 2201 mei)
898 2088 1140 2172 Chronicon
1158 2085 1241 2168 zee-

82 2263 86 2274 ·
260 2224 414 2308 landiae.
485 2218 713 2332 Exspeoo,
749 2224 847 2332 quid
878 2223 928 2308 de
945 2253 996 2310 eo
1015 2251 1141 2335 opere
1155 2218 1240 2304 iudi·

262 2382 418 2446 caturus
431 2363 491 2443 lis.
531 2360 606 2444 De
623 2357 807 2478 lofflltjke
825 2360 1053 2470 Testimonia
1070 2390 1156 2447 van
1170 2359 1244 2442 dees

255 2501 377 2617 goede
400 2501 531 2585 Heere
553 2498 716 2602 sullen,
759 2501 862 2608 naest
889 2500 995 2586 Godt
1014 2528 1062 2583 en
1081 2498 1173 2584 UL.
1189 2493 1238 2598 by·

15 2689 18 2828 p
249 2641 387 2854 stantli
422 2632 693 2852 ipgichtplijk
712 2657 778 2744 ayt
803 2637 872 2720 het
890 2638 1099 2753 Rasphuys
1115 2634 1239 2745 heber·

16 2877 17 2886 Ν
93 2875 96 2880 .
263 2775 355 2856 Ecci
389 2803 422 2856 a.
480 2773 585 2852 i.1.
634 2781 825 2883 ag.116.

15 2920 19 2956 ⁸
332 2912 394 2994 Ita
413 2908 544 3020 placet
562 2905 821 2998 Domuum,
869 2912 1040 2994 inomni
1062 2907 1238 2994 literarum

262 3075 440 3160 genere,
477 3046 597 3127 Petro
615 3047 809 3131 Scriverio
831 3097 844 3141 ‚
892 3048 947 3132 ob
968 3050 1179 3159 ingenuam
1194 3043 1241 3122 in·

261 3184 398 3265 dolem
428 3191 467 3264 δε
497 3178 739 3295 profundam
758 3185 930 3271 historiae
947 3187 1086 3296 patriae
1103 3181 1239 3292 indaga·

262 3322 438 3410 tionem,
475 3321 574 3403 mihi
594 3322 834 3406 amicissimo.
871 3323 986 3408 Liba
1003 3351 1039 3403 1.
1051 3351 1142 3436 pag.
1158 3335 1234 3427 137·

331 3460 369 3540 A
388 3455 612 3543 Clariffimo
635 3463 806 3567 historia
825 3461 966 3544 nostrae
988 3461 1144 3545 vindice
1161 3450 1234 3540 Sul·

232 3701 235 3707 Ι
261 3599 372 3682 veno
410 3592 543 3708 (cujus
561 3596 790 3686 liberalibus
807 3599 935 3686 Musis
944 3601 1073 3712 patria
1090 3587 1234 3808 decuplo

1167 3745 1237 3843 pus
