2646 4448
221 295 366 396 aaran.
384 308 515 393 Postea
527 305 691 392 abeund
703 307 871 391 studium
891 305 1143 394 scientiarum·
1157 314 1236 392 uras

220 423 678 530 thenraticammporenn
688 423 804 546 genio
814 417 1035 532 rapiebatur
1049 460 1064 530 5
1080 442 1237 534 quarum

220 534 546 642 amoremtmagia
570 536 768 643 magilque
798 528 955 614 ereville
984 531 1235 632 crediderim,

220 644 312 730 elam·
334 649 545 755 ingentem·
556 643 661 727 istam
677 645 865 728 libromrn
878 641 1231 756 Aialaioorumcjull

220 759 309 841 d'em
328 757 559 870 argumenti
591 757 843 866 pulcherrime
870 759 1108 840 &accurati
1127 755 1225 840 mauu

220 869 511 978 descriptorum,
553 885 640 948 tum
664 869 707 947 in
736 867 984 956 Bibliothecae
1012 863 1227 971 Bodleianat',

221 1000 303 1066 tum
329 979 586 1090 suiCollegii',
603 976 1084 1088 zelrcliiuitassco'piamtfibi
1112 999 1231 1064 coram

220 1085 843 1200 oculiaobuen'amcanperiffeaa
866 1095 943 1172 Has
958 1111 1000 1172 ut
1015 1093 1232 1175 faciliusas-

220 1202 447 1314 sequeretur,
483 1205 523 1284 in
542 1199 1040 1310 disciplinamaeuleberrimi
1067 1208 1121 1285 D.
1134 1199 1234 1286 un·

222 1314 306 1414 lisu,
328 1319 402 1425 ¹qui
431 1316 474 1396 in
500 1313 574 1396 suis
599 1312 1052 1421 aedibuapnvauslllam
1068 1315 1234 1426 aliosque

222 1427 331 1512 hisce
349 1425 529 1536 mysteriis
547 1427 770 1524 initiaverit,
799 1423 1009 1523 resededit,
1035 1426 1166 1508 donec
1182 1427 1234 1510 su·

221 1538 361 1648 peratis
379 1535 675 1634 difficultatibus,
706 1563 788 1646 qua
806 1533 1010 1645 tyronibus
1022 1536 1233 1621 solenttob⁴

221 1653 299 1762 jin,
327 1653 486 1757 proprio
506 1651 870 1756 marte.&.ingenio,
895 1649 1081 1759 quicquid
1106 1651 1157 1732 ad
1181 1653 1233 1731 in·

222 1786 367 1878 tegnam
383 1758 884 1866 llarhesooscognitionem
896 1756 1234 1872 pannonica-hoe

218 1868 611 1980 lumiuesuperfuso,
647 1874 694 1953 δι’
719 1897 768 1950 ex
811 1866 1034 1952 Wallisrana
1057 1872 1147 1954 face
1179 1899 1232 1955 ac-

218 1985 327 2076 censa
346 1984 533 2092 lampadae
563 1983 720 2063 feliciter
737 1983 1029 2092 investigaverit.
1056 1985 1232 2092 Magister

218 2095 262 2198 in
291 2092 430 2178 artibus
454 2095 595 2203 Aprilis
629 2098 732 2174 XVI.
760 2119 870 2175 anno
903 2093 1144 2177 MDCLXll.
1171 2111 1232 2204 pro

218 2232 336 2296 more:
360 2207 571 2289 Academia
598 2207 846 2304 constitutum
886 2206 1015 2314 magis·
1041 2206 1232 2318 magisque

218 2316 457 2408 inclarescere
472 2337 652 2424 coeperat,
683 2335 765 2397 turn
783 2316 836 2399 ob
852 2317 1051 2428 ingenium
1068 2315 1232 2415 sublime,

218 2448 386 2529 actuum,
421 2429 471 2510 nd
499 2431 665 2510 maxima
694 2454 851 2538 quaeque
869 2449 1017 2540 aprum,
1046 2434 1231 2512 omnium»

217 2568 293 2651 que
326 2540 614 2650 disciplinarum
646 2567 779 2648 capax,
820 2560 903 2621 tum
924 2536 978 2621 ob
1003 2543 1231 2651 compolitut

217 2649 565 2762 placidiffimosque
592 2676 727 2750 mores,
764 2649 901 2761 quibus
927 2647 962 2731 se
986 2653 1039 2730 m
1064 2669 1229 2736 amorem

216 2765 577 2853 &admirationem
615 2764 863 2846 familiarium
891 2760 1044 2844 suorum
1070 2763 1229 2849 infinua·

217 2895 286 2956 vrt.
341 2927 343 2930 -

273 2991 389 3067 Auno
409 2989 462 3066 M.
475 2987 561 3069 DC.
571 2987 744 3068 LX..Vll.
774 2987 1002 3067 Procurator
1021 2987 1226 3072 Academia

214 3095 436 3207 eligebatur.
495 3103 528 3178 Is
551 3117 690 3195 autem,
716 3115 757 3177 ut
767 3099 811 3178 in
828 3097 992 3206 gratiam
1014 3118 1226 3184 exterorum

216 3209 293 3290 hoc
319 3207 473 3303 addam,
510 3235 591 3290 non
626 3210 736 3316 parvi
763 3210 924 3290 honoris
955 3209 1226 3318 dignitatisque

213 3345 361 3405 annuus
384 3321 620 3428 magistratus
644 3319 728 3427 est3
766 3325 871 3430 cujus
896 3317 1225 3430 adipiscendi'm·

212 3432 295 3528 diu,
320 3430 411 3513 dum
428 3433 513 3513 Viri
532 3433 703 3541 ingenio
730 3431 882 3530 virtute,
901 3435 942 3514 8<
957 3434 1135 3540 politiori
1154 3435 1224 3516 lite·

213 3545 336 3626 taturi
352 3541 568 3652 praestantes
597 3544 743 3653 (neque
761 3541 1118 3629 euimdilirmilet&
1130 3543 1223 3630 hisee

211 3657 400 3762 praeclaris
429 3652 587 3738 dotibus
614 3657 795 3755 inornati,
834 3658 905 3738 illo
928 3676 1117 3767 tempore,
1153 3679 1219 3767 quo

209 3765 379 3874 suffragii
409 3771 465 3876 jus
491 3768 536 3849 in
555 3767 749 3864 Comitiis,
784 3770 858 3850 hac
883 3765 931 3849 de
960 3766 1069 3850 cauli
1086 3771 1221 3876 calatia,

208 3877 390 3964 omnibus
415 3875 520 3964 fimul
555 3876 814 3991 competebat,
848 3876 928 3964 sese
951 3885 1217 4078 ηυῖεᾶοῦαη·

1043 4012 1218 4080 ratonm
