2612 4450
249 131 843 246 „ErisToLAE.
1024 145 1092 286 ὴ

68 333 208 422 ponere
221 309 495 422 parvaliceret,
520 332 601 418 quae
618 306 696 414 jam
707 303 873 389 meditor
886 299 1094 420 effetoque.

67 425 213 506 Scilicet
228 421 386 532 lapides,
415 419 629 514 mineralia‚
649 416 794 527 stirpes,
820 420 861 499 &
877 414 1023 506 semina
1035 447 1096 508 re·

68 561 149 618 rum
170 531 373 644 efflagito3
416 527 479 614 sed
508 557 589 641 quae
615 531 762 612 rariora
785 526 886 631 sunt,
916 536 958 616 8<
976 535 1095 620 Euro

67 649 158 756 paeis
172 644 256 746 usui
271 643 420 746 cedant,
450 640 745 742 oblettamento‚
761 643 823 723 vel
836 641 1098 736 admirationi.

69 763 108 841 ln
126 780 225 841 terra
244 759 419 857 canaan,
448 755 562 838 fertili
581 755 854 837 miraculorum
867 775 1041 867 parente,
1054 761 1097 844 8t

67 869 149 980 ipsa
170 891 306 953 natura
322 865 548 952 miraculose
558 869 640 978 agit
658 894 669 947 r
697 859 817 974 pisces
825 872 1001 978 parturit,
1022 873 1097 956 oli·

70 1009 152 1081 vas,
188 1007 417 1080 cucumeres,
459 978 660 1091 petrilatia
688 978 837 1079 omnia,
878 983 919 1062 δι
949 979 1100 1083 Niobis

70 1093 236 1177 adinstar
259 1098 301 1175 in
327 1091 416 1178 saxa
445 1090 642 1180 conversa.
701 1087 832 1198 ipsum
852 1093 970 1186 etiarn
990 1095 1100 1182 littus

69 1207 178 1289 haud
196 1207 468 1288 infoecundtrm
486 1204 787 1316 geniturarum,
816 1206 990 1292 conchas
1071 1208 1103 1292 lt

70 1330 109 1403 dr
128 1317 330 1418 resticulas,
359 1319 457 1399 mira
484 1317 674 1399 varietate
689 1312 926 1400 deruanus.
1054 1320 1066 1338 ⁹

70 1430 167 1559 quid
204 1430 358 1540 insuper
393 1427 486 1510 illud
513 1427 556 1510 srt
589 1431 809 1536 plantarum
834 1426 1103 1542 insigniorum,

70 1567 169 1655 quas
194 1548 257 1626 vel
289 1543 496 1627 Phoenicia
529 1539 608 1622 sola
635 1539 831 1649 producit,
871 1547 933 1625 vel
965 1543 1104 1628 vicinae

70 1657 286 1767 regiones3
325 1653 564 1765 sycomorum
583 1652 863 1764 AEgyptiacam,
898 1681 1104 1766 papyrum,

72 1765 282 1880 golsrpium
299 1792 477 1877 perenne,
492 1762 705 1856 balsamum
720 1764 937 1869 frutefcens,
953 1788 1021 1852 aut
1029 1770 1106 1854 hu·

74 1878 272 1993 jusmodi:
300 1883 340 1960 8(
361 1907 437 1988 prae
470 1877 571 1959 ltilce
600 1873 826 1978 levioribus,
864 1881 899 1960 δ’.
925 1883 1108 1992 Ephremi

75 2019 211 2104 opera,
237 2011 428 2102 quotquot
445 1991 487 2071 in
508 2009 642 2072 monte
662 1985 816 2072 Libano
834 1995 993 2102 reperiri
1014 1993 1106 2106 pos-

76 2103 176 2205 sunt,
217 2103 363 2210 Syriaci
396 2103 531 2210 scripta
559 2132 571 2183 r
602 2125 720 2200 cures,
750 2097 925 2205 obsecro,
965 2109 1017 2200 D.
1036 2105 1106 2218 Jo-

70 2219 367 2326 apniLangley‚
407 2218 548 2324 Anglo,
577 2214 846 2324 Tripolitanos
873 2217 974 2300 inter
999 2243 1109 2305 com-

75 2329 250 2427 moranti
268 2325 557 2410 transmittenda
578 2357 588 2407 ε
627 2327 695 2436 qui
713 2328 916 2411 certiorem
935 2347 973 2412 te
991 2330 1108 2417 faciet

74 2445 128 2525 de
146 2439 355 2538 omnibns,
385 2439 579 2550 impensas
598 2466 645 2519 ue
659 2462 708 2522 ex
732 2465 841 2550 aequo
862 2438 937 2524 tibi
954 2440 1109 2547 solvet,

75 2560 119 2636 t<
140 2573 264 2665 grates
293 2555 488 2661 rependet,
518 2465 659 2662 qniisus
674 2573 749 2658 ego
765 2552 904 2661 impar,
925 2581 1007 2637 non
1024 2553 1108 2648 sum

78 2667 283 2748 solvendo.
342 2670 479 2776 Neque
499 2665 598 2745 mihi
615 2661 740 2744 solum
756 2663 905 2774 imputa
925 2665 1108 2776 iadiurarn

82 2781 186 2860 hane
212 2780 368 2886 qualem.
389 2779 535 2886 qualem
562 2775 692 2858 sacrati
713 2776 769 2856 tui
802 2779 1016 2888 temporis:
1044 2779 1110 2864 sed

78 2887 358 3002 philosophia,
388 2889 450 2971 sed
468 2890 660 2999 religioni.
718 2887 894 2971 Aliorum
923 2887 1110 3000 siquidem

79 3005 242 3102 nomine
259 2999 419 3084 sciscitor
435 3041 449 3107 3
477 3005 544 3111 qui
560 2996 741 3108 Phylrcis,
769 3001 838 3108 qui
857 3002 1113 3120 Theologicis

78 3119 160 3196 toti
179 3113 408 3197 mcumbunt
428 3113 714 3224 promovendis.
753 3113 840 3193 Seio
859 3115 990 3224 igitur,
1006 3117 1112 3230 quod

78 3227 174 3309 illos
198 3251 333 3308 omnes
362 3223 611 3309 demereberis
642 3260 657 3331 3
696 3227 737 3306 8<
768 3220 902 3308 orbem
917 3231 1112 3314 literatum

80 3339 425 3448 christianumque
455 3338 604 3420 tibimet
624 3333 755 3418 reddes
774 3338 814 3419 in
838 3358 1019 3421 aternum
1041 3339 1112 3425 ob-

81 3451 242 3533 orions
308 3454 583 3537 Valefeliciter.
623 3444 776 3530 Dabam
813 3451 1118 3560 HalebiVlKa,

80 3563 217 3646 tendas
239 3564 373 3646 Marti-i
389 3563 714 3649 crotocnxxvt.
732 3566 839 3670 Stylo
855 3583 930 3646 vet.

942 3907 1045 3986 XIX,
1069 3904 1113 3987 P.
