2606 4454
210 154 269 252 D.
292 135 936 249 R.HUNTINGTONI.
1006 151 1089 253 xiii
1205 67 1209 72 Ι

58 341 158 416 rum,
186 337 235 398 ne
262 313 463 426 quippiam
480 311 570 396 inde
588 306 686 394 labis
702 311 967 416 contrahatur,
993 337 1089 400 con·

57 427 184 512 sortio
210 424 337 508 sedulo
367 431 407 510 8<
434 421 546 536 quim
570 422 739 508 maxime
760 443 911 508 cavent.
982 428 1090 511 Dum

56 539 224 652 prolatis
256 536 362 622 libris
382 540 621 621 Samaritano
641 535 856 620 charadiere
875 534 1091 647 descriptis,

56 675 160 764 quos
179 653 241 734 ille
260 646 410 760 legebat
428 647 617 759 expedire,
653 645 701 729 de
725 643 865 732 Ebraeis
888 650 930 733 in
951 653 1092 762 Anglii

55 758 394 847 commorantibus
418 764 538 842 multa
567 761 607 842 in
633 757 801 842 medium
817 761 1018 871 produxit,
1031 763 1091 846 illi
1193 836 1196 844 .

57 875 222 987 placido
237 897 363 958 errore
380 875 420 958 8<
448 872 633 982 praecipiti
668 868 890 957 credulitate
916 872 1090 976 indulfi,

57 987 202 1098 sponte
228 982 291 1069 sua
305 983 555 1095 arripiebant,
585 985 672 1066 illos
696 979 768 1064 elie
792 981 878 1068 suos
898 983 1032 1067 fratres
1049 989 1092 1070 8<

58 1096 311 1209 contribuleS‚
341 1098 392 1179 ad
422 1121 519 1209 quos
536 1096 664 1178 literas
685 1093 787 1178 illius
802 1119 881 1207 ope
900 1094 1093 1182 transmit-

60 1231 144 1296 tere
169 1210 428 1307 deereverunt‚
467 1237 518 1291 an
547 1203 669 1290 Ebraei
707 1207 766 1288 ilii
792 1207 834 1291 in
863 1208 1000 1318 Anglii
1023 1236 1092 1320 per

59 1323 201 1408 omnia
220 1317 305 1432 ipsis
322 1317 593 1417 consenserint,
620 1320 868 1428 exploraturi.
924 1324 1023 1405 Mox
1043 1324 1091 1405 li·

58 1454 164 1520 teras
181 1431 365 1546 ejusmodi
378 1433 508 1542 lingui
521 1427 661 1531 Ebraei,
673 1427 951 1516 characteribus
963 1453 1092 1518 autem

59 1546 314 1631 Samaritanis
331 1562 515 1643 exarataS,
528 1544 575 1631 ad
591 1545 640 1624 D.
652 1544 978 1654 Huntingtonum,
999 1547 1091 1628 Hie-

60 1655 268 1766 rosolymis
282 1679 373 1738 tune
391 1656 571 1766 temporis
587 1653 727 1736 morbo
744 1654 954 1756 detentum,
974 1677 1091 1766 prout

62 1774 168 1853 inter
180 1767 283 1878 ipsos
299 1767 516 1851 condidum
529 1788 620 1866 erat,
632 1765 779 1866 misire,
798 1793 890 1877 quas
905 1766 968 1850 ille
980 1773 1091 1852 Oxo-

63 1883 178 1966 nium
203 1879 422 1962 deserendas
456 1880 614 1962 curavit.
676 1877 953 1989 Respousorias
982 1879 1091 1964 dedit

65 1993 203 2075 iisdem
231 1993 360 2100 lingui
383 1994 421 2071 ὃ(
448 1991 659 2072 charadiere
676 1992 745 2072 Vir
765 1988 1089 2100 praestantissimus,

68 2108 124 2186 D.
135 2104 383 2200 MaressralluS,
410 2105 475 2212 qui
496 2104 536 2184 id
558 2101 705 2211 optime
724 2106 862 2211 potuit,
890 2104 930 2184 iu
954 2099 1091 2213 quibus

65 2219 200 2298 multis
226 2216 274 2297 de
305 2217 459 2297 Christo
484 2211 570 2320 Jesu
601 2217 793 2295 Salvatore
823 2213 964 2315 nostro,
998 2242 1091 2300 vero

65 2325 212 2424 Mella,
245 2324 439 2409 infinuatis
469 2330 508 2407 ὃ(
526 2322 804 2424 subintelleslis,
832 2330 907 2408 ulia
924 2354 1090 2438 quoquo

66 2439 278 2549 praesertim
307 2437 354 2520 de
393 2439 578 2518 vaticinio
614 2440 838 2519 Putriarehae
878 2437 1013 2544 Jacobi
1046 2439 1092 2521 de

64 2553 185 2650 Shilo,
238 2556 276 2632 ui
294 2571 465 2631 venturus
485 2563 575 2645 ertit,
611 2551 659 2632 Cr
690 2548 735 2630 de
757 2553 822 2630 illu
843 2549 1029 2658 Propheta,
1041 2555 1093 2661 fi-

70 2667 157 2745 mili
177 2582 277 2772 risos,
310 2687 380 2770 pro
405 2663 602 2768 pietate&
622 2660 822 2769 sagacitate
847 2660 908 2742 sui
925 2661 1090 2745 inseruit.

72 2775 353 2857 Comnrereirnu
371 2772 466 2853 istud
479 2775 713 2880 epiliolieum
737 2799 800 2880 per
817 2773 1095 2881 aliquotanuos

69 2890 248 2970 duravit:
269 2904 390 2966 morte
406 2904 533 2967 autem
549 2885 813 2967 Durardmli
835 2882 1093 2985 intermissum,

73 3003 231 3111 penitus
243 2993 409 3078 cessavit.

130 3113 281 3193 Priores
311 3105 421 3189 hasce
452 3108 591 3204 literas,
635 3135 727 3216 qum
760 3109 911 3189 illorum
937 3111 1095 3191 nomine

70 3219 216 3332 scripsit
237 3217 418 3302 Murchib
438 3216 544 3300 Aben
566 3216 698 3324 Jacob,
730 3220 921 3329 inquibus
951 3218 1094 3302 summa

69 3335 274 3445 religionis
295 3331 616 3413 Samaritanorum
635 3331 865 3428 continetur,
887 3333 1021 3413 Latine
1042 3337 1097 3412 in·

67 3465 298 3555 terpretatus
325 3445 375 3525 eli
406 3446 458 3523 D.
479 3443 697 3542 Bernardus,
728 3442 964 3543 ilaue-aalma:
994 3447 1097 3549 cujus

71 3557 304 3652 uerfionenr,
342 3552 362 3633 ὲ
394 3580 454 3635 me
486 3556 581 3635 olim
610 3557 758 3636 Oxonii
784 3568 990 3660 acceptum,
1027 3560 1099 3634 Vir

68 3670 256 3764 summus,
286 3661 406 3772 Jobus
441 3666 635 3762 Ludolsus,
671 3693 750 3747 non
781 3671 831 3745 itu
856 3667 1000 3773 pridem
1020 3668 1100 3746 edi-

71 3785 137 3864 dit
158 3783 197 3861 in
219 3780 289 3860 suis
312 3777 757 3885 EpistolisSamuritunis.
817 3780 1102 3858 Adrerteudurn

72 3895 146 3997 esi,
180 3893 286 4003 quod
308 3895 349 3972 in
371 3887 503 3971 iisdem
525 3893 749 3973 Sammiruni
772 3888 929 3971 numu
950 3891 1103 4000 luperlfe

1054 4029 1104 4084 ue
