2654 4466
285 195 358 270 262
397 107 878 264 Roouutiascttlul
898 182 1060 260 EPlS'l'.
1078 183 1189 260 FAM

281 302 423 378 sermone,
449 303 477 365 δι
502 323 538 364 ex
561 317 624 374 tuo,
650 319 712 362 non
735 297 832 362 solutu
853 300 951 374 vultu,
975 297 1023 360 sed
1047 319 1120 361 voce
1140 299 1243 382 excepi,

284 401 375 462 quarn
396 379 530 463 prael'enti
552 380 659 440 retines
682 377 822 439 memoria
844 395 908 438 mea
931 373 1086 460 postulata:
1120 377 1240 456 &quarn

283 478 381 556 parata
401 459 492 520 animi
510 455 700 540 propeustone
718 457 849 529 eniteris,
866 473 961 520 utute
973 456 1026 517 tibi
1041 455 1173 518 benificio
1185 475 1240 530 tuo,

284 561 319 603 an
341 555 516 619 perpetimur
538 535 695 597 devinciat.
733 547 829 612 aquo
842 553 919 596 nexu
931 533 1140 608 tantumabest,
1159 552 1240 596 utne

284 618 422 700 expedire
443 616 544 686 velim,
572 630 608 675 ut
630 613 661 674 in
684 634 717 675 ea
741 615 799 694 ipsa
813 615 929 674 vincula
944 611 1237 688 ardiusnreinducre,

172 711 177 722 '
285 698 369 758 omni
382 693 488 764 labore,
513 687 580 764 fide,
596 689 709 765 officio,
736 688 1041 766 &observantiam
1058 707 1196 774 perpetuo
1205 691 1238 752 la·

285 776 440 840 boiamrus
462 772 523 834 lim.
561 769 600 830 Et
621 787 786 849 quanquam
806 770 882 852 spes,
899 789 988 848 quarn
1010 769 1070 849 ipse
1090 767 1162 832 milti
1182 788 1239 850 pro·

285 853 382 933 ponis,
409 847 451 910 est
463 846 621 910 admodum
636 867 722 924 certa,
753 849 781 908 δι
795 865 839 908 res
852 865 940 924 quarn
954 867 1010 929 ego
1022 847 1112 909 abste
1124 845 1238 927 capedo,

286 931 342 992 erit
356 925 439 993 valde
451 943 547 1008 grata:
576 928 714 994 voluntas
726 940 822 990 tamen
838 927 887 989 illa
899 943 959 1000 tua,
984 944 1041 1006 qua
1054 924 1238 990 metuendum

285 1007 416 1088 suscipis,
445 1003 487 1066 est
508 1004 645 1067 omnium
668 1006 755 1084 longe
775 1003 986 1082 jucundiffima,
1017 1005 1239 1066 &tuavoluntu

286 1090 327 1150 ira
351 1085 487 1166 expedita
509 1083 561 1158 est,
581 1085 610 1146 tc
634 1083 671 1148 fic
686 1084 881 1160 quali'evolat,
899 1083 934 1146 ad
946 1084 1022 1144 bene
1033 1082 1071 1146 de
1083 1101 1241 1146 memeren-

285 1163 368 1238 dum,
386 1181 494 1226 utnon
507 1162 601 1226 solum
615 1183 677 1226 eam
691 1164 752 1226 ullo
765 1183 832 1223 meo
844 1160 943 1224 officio
956 1161 1151 1241 consequendi
1162 1161 1241 1242 spem,

285 1242 335 1304 sed
347 1261 468 1306 omnem
480 1242 684 1334 etiamngendi
704 1243 809 1320 gratias
829 1257 984 1320 praecurrat
1000 1240 1174 1302 facultatem.
1209 1237 1243 1298 Et

285 1341 357 1386 curn
368 1319 642 1398 gratiae,quart1bi
665 1320 772 1380 merito
795 1337 849 1380 tuo
869 1321 1018 1393 referrem,
1044 1319 1113 1382 sunt
1129 1317 1241 1398 penitus,

286 1401 392 1462 nuuae:
407 1399 437 1460 n
447 1418 519 1476 quas
530 1398 584 1460 tibi
595 1397 690 1458 liabeo
700 1397 922 1466 maximas,sunt
933 1398 990 1458 illa
1000 1399 1090 1460 etiam
1100 1415 1162 1458 rneo
1171 1392 1241 1468 iudi·

286 1478 338 1544 cio
349 1477 487 1541 nonsatis
507 1475 621 1554 dignu:
684 1496 702 1535 o
725 1476 824 1553 itaque
836 1476 985 1555 superatus
997 1497 1039 1550 rc,
1060 1471 1240 1538 &derelidut

286 1551 495 1632 distitutusque
507 1555 646 1628 oratione,
675 1553 818 1632 ubsequat
828 1570 859 1614 te
871 1573 958 1628 certe,
977 1573 1057 1632 grata
1070 1549 1187 1615 vicillim
1197 1569 1241 1610 vo·

286 1634 408 1706 luntare,
426 1650 528 1712 parato
543 1629 653 1702 officio,
673 1633 702 1692 δι
721 1649 860 1710 perpetua
877 1631 1070 1706 observantia,
1089 1633 1118 1694 dr
1134 1631 1242 1693 siccon-

285 1710 441 1772 seranna
458 1710 494 1772 ad
505 1730 579 1783 eant,
600 1729 664 1788 que
684 1709 745 1772 sola
767 1709 842 1771 rnihi
857 1712 964 1788 reliqua
982 1709 1034 1786 est,
1052 1729 1117 1773 com
1174 1704 1242 1768 sandi

287 1789 441 1853 rationem.
482 1789 554 1850 Nou
565 1785 607 1850 cst
619 1788 699 1848 enim
712 1807 777 1849 mos
790 1787 895 1850 borum
908 1805 1088 1869 temporum,
1110 1810 1126 1850 c
1153 1783 1242 1848 riffinte

285 1866 406 1939 Presul,
432 1887 494 1930 non
507 1864 689 1928 consuetudo
703 1863 808 1928 horum
821 1865 987 1937 hominum,
1015 1887 1078 1930 uon
1098 1867 1142 1927 tui
1153 1859 1241 1928 loti&

285 1944 451 2024 dignitatis,
475 1945 513 2004 stc
539 1943 709 2006 descendere
731 1944 766 2006 ad
788 1944 874 2004 usum
897 1943 1029 2006 hominis
1050 1946 1110 2006 mei
1131 1939 1243 2012 ordinis,

285 2023 360 2096 imo,
387 2019 510 2083 nonest
532 2020 730 2087 humanitatis.
759 2021 809 2084 sed
832 2021 940 2098 divinae
963 2022 1118 2100 cujusdam
1138 2035 1243 2090 natum,

285 2116 347 2160 tarn
370 2095 424 2160 else
450 2117 591 2178 paratum,
620 2101 657 2161 sic
680 2098 734 2161 esse
754 2100 937 2180 propositum
959 2101 995 2163 ad
1015 2096 1244 2164 benefaciendum

286 2176 434 2250 omnibus,
452 2195 538 2258 atque
552 2178 582 2240 id
595 2179 684 2242 etiam
695 2178 760 2252 hiis,
773 2180 826 2257 qui
838 2182 921 2242 nullo
931 2180 984 2242 suo
996 2179 1104 2254 officio,
1115 2197 1165 2239 nec
1175 2191 1243 2236 antea

285 2253 455 2334 promereri,
484 2277 540 2318 nec
570 2255 666 2337 postea
696 2255 881 2336 compensare
902 2275 1012 2318 tantam
1036 2276 1116 2320 tuam
1138 2251 1244 2340 benivo

286 2335 408 2395 lentiam
433 2353 549 2414 queant.
590 2337 619 2398 dt
644 2335 703 2398 lior
715 2336 756 2396 ell
767 2336 847 2416 quod
861 2353 941 2400 antea
955 2336 1030 2411 dixi,
1050 2336 1122 2397 mihi
1135 2349 1244 2415 propotu

287 2410 409 2486 quidem
435 2431 543 2474 cenam
569 2412 667 2493 spem,
686 2413 728 2475 vdt
754 2414 895 2497 expectari
920 2415 1010 2476 etiam
1044 2433 1152 2496 gratam
1175 2427 1246 2476 rem,

285 2488 336 2551 sed
358 2507 439 2554 tuam
461 2489 534 2554 mihi
556 2492 797 2566 benivolentiam,
824 2495 912 2571 longe
935 2495 1070 2554 omnium
1089 2489 1143 2554 else
1156 2490 1248 2566 jucun·

286 2565 448 2632 dillimamt
480 2588 612 2649 quatuo
635 2571 841 2643 benivolentia,
874 2573 988 2633 nullum
1011 2592 1049 2632 ne
1070 2589 1155 2632 tuum
1177 2563 1249 2628 beni·

287 2647 392 2710 ficium
411 2647 543 2726 quidem,
561 2645 636 2710 mihi
657 2651 766 2728 gratius
785 2645 840 2709 else
852 2651 970 2727 poterit.
1011 2651 1050 2712 Et
1061 2667 1156 2712 tamen
1168 2661 1199 2728 ut
1210 2645 1248 2703 in·

287 2743 383 2864 ἒξηικ
396 2727 491 2788 dicam
504 2747 565 2788 non
578 2743 692 2788 tantum
716 2729 848 2804 gratulor
870 2726 955 2802 mihi,
981 2728 1064 2788 illam
1078 2725 1164 2807 ipsam
1176 2737 1249 2786 tuam

326 2807 536 2866 nivolcntiam:
557 2822 700 2883 quantum
713 2805 767 2865 ribi
789 2807 924 2884 gratulor,
944 2825 1008 2866 eant
1021 2823 1081 2866 tarn
1096 2803 1248 2885 protelarent

287 2880 489 2943 benefaciendi
514 2901 654 2944 naturam.
693 2885 762 2956 into,
783 2905 843 2942 non
863 2885 917 2944 tibi
941 2901 1057 2946 tantum
1080 2884 1164 2945 talem
1178 2892 1250 2940 tuam

287 2973 433 3032 naturam,
452 2977 597 3037 quantum
610 2961 751 3022 universae
762 2964 866 3034 Angliae
877 2962 958 3022 suam
972 2961 1155 3032 felicitatem,
1174 2956 1250 3030 cujus

287 3057 361 3108 rem,
392 3038 593 3118 &publicam
618 3039 648 3099 in
674 3044 766 3115 Curia,
795 3041 826 3102 ἃ
852 3041 1010 3100 literariam
1035 3043 1067 3100 in
1094 3032 1251 3100 Academia

288 3116 393 3176 multis
416 3116 475 3189 jam
498 3115 627 3190 jadaram
649 3117 756 3192 modis,
780 3115 925 3196 variisque
947 3117 1001 3177 diu
1025 3115 1184 3178 afflictarem
1203 3109 1253 3170 mi·

287 3192 380 3264 seriis,
411 3194 533 3256 consilio
562 3213 642 3255 nunc
670 3211 723 3256 tuo
752 3197 860 3274 juvare,
889 3196 1057 3256 eruditione
1081 3201 1252 3287 promovere,

286 3287 436 3350 tantopere
459 3275 582 3334 conaris.
623 3272 758 3348 Quarum
781 3293 878 3334 rerum
902 3275 986 3346 salut,
1011 3275 1069 3334 tibi
1083 3269 1252 3348 Jamsemp&

287 3367 351 3408 cara
364 3344 484 3414 exstitit.
516 3368 552 3412 ut
566 3353 623 3426 jam
635 3351 698 3431 spes
710 3351 829 3412 tandein
843 3349 984 3413 affulserit
997 3351 1169 3431 lingularent
1181 3355 1252 3406 nune

286 3427 466 3503 fingulorum
482 3426 636 3488 hornin'unr
649 3432 905 3506 tranquillitatem,
914 3443 1086 3510 exoptatum
1098 3426 1252 3490 studiorum

287 3506 393 3577 otium,
405 3503 553 3581 totiusque
566 3505 746 3584 Reipublicae
759 3508 900 3581 quierem,
921 3510 952 3567 in
965 3527 1013 3568 tua
1029 3510 1085 3584 jam
1098 3503 1252 3588 plurimum

288 3585 377 3644 unius
390 3582 567 3655 austoritate,
576 3585 607 3643 in
620 3586 774 3645 excellenti
787 3584 964 3657 destrina,in
976 3587 1085 3648 ardenti
1096 3603 1162 3665 erga
1172 3581 1253 3640 Rern·

287 3661 437 3740 publicam
460 3658 567 3735 studio,
596 3661 734 3744 deinceps
756 3664 961 3743 conquietuta.
1000 3667 1037 3729 Et
1055 3683 1122 3729 cum
1136 3655 1255 3798 pruffl-

1160 3755 1183 3802 ῃ
1240 3748 1254 3788 a
