2604 4462
262 307 320 392 18
430 301 764 382 lusrouruu
799 289 1086 379 Vrnonunr

259 465 370 558 causa
397 462 577 550 oderunt.
647 461 756 548 Tani
781 459 849 545 diu
867 459 936 553 est,
957 460 1071 571 quod
1088 487 1177 548 mea
1193 489 1253 575 pa·
1290 561 1292 594 1

258 604 401 702 tientia
419 627 509 686 curn
524 601 778 718 inimicorum
796 599 953 710 injuriis
971 617 1105 685 certat
1140 601 1247 684 Tem-
1291 603 1292 612 '

138 727 140 732 ⁵
260 771 336 863 pus
355 763 475 853 erat,
507 759 551 823 ut
570 759 798 856 paterentur
831 737 1047 826 coalescere
1065 735 1246 854 inslislum
1291 863 1293 870 Ι

260 883 503 969 innocentiae
522 904 621 963 rneae
639 879 791 965 vulnus.
859 879 996 966 Audio
1016 879 1184 968 accusari
1198 903 1252 964 nte
1291 969 1293 996 1

259 1017 552 1108 consuetudinis
576 1047 667 1102 cum
695 1017 848 1133 Legato
870 1023 887 1090 3
910 1016 1110 1130 Hispano.
1180 1017 1256 1128 Qi
1291 1005 1294 1098 l

262 1188 327 1248 me
347 1179 518 1247 norum,
553 1153 680 1240 sciunt
698 1184 817 1268 quam
836 1156 1045 1270 ingenium
1064 1183 1199 1244 meunt
1213 1159 1255 1240 ab

262 1299 377 1388 omni
403 1291 612 1382 mendacio
644 1293 866 1380 abhorreat.
934 1291 1098 1380 Paratus
1135 1319 1255 1381 autem

260 1437 345 1524 sum
362 1465 448 1522 non
466 1431 595 1520 dicere
605 1455 781 1526 tantum,
793 1428 913 1524 sed‚s1
933 1460 1037 1543 opus
1057 1433 1122 1529 fit,
1141 1434 1258 1544 jurare
1293 1519 1295 1542 ‚

259 1571 437 1690 legarunt
456 1572 720 1682 Hispanicum
739 1599 813 1657 nec
840 1592 983 1654 notum
1011 1573 1153 1668 mihi,
1193 1597 1258 1656 nec
1293 1603 1295 1632 =

260 1713 374 1830 quod
392 1712 511 1795 sciam
521 1711 655 1796 visum.
673 1777 676 1786 .
725 1711 858 1795 Etiam
877 1707 979 1819 quia
999 1711 1186 1804 Bruxella
1200 1709 1256 1794 hic
1294 1763 1295 1768 κ

259 1850 414 1962 legatus
429 1845 507 1939 est,
541 1877 631 1932 cunr
649 1879 714 1934 me
733 1845 784 1934 ad
803 1846 1018 1934 arnicitiam
1034 1847 1146 1936 suam
1164 1849 1258 1934 invi·

261 1989 395 2083 tasso,
431 1983 534 2070 nihil
569 1991 723 2103 accepit
775 2011 917 2100 praeter
959 1989 1255 2075 excusationem.

260 2132 372 2209 Cum
399 2126 486 2211 hoc'
505 2154 669 2240 quoque
695 2127 915 2214 collocutus
935 2126 1019 2212 sum
1047 2155 1255 2242 nunquam.
1294 2105 1296 2178 ἶ

221 2255 225 2262 ’
259 2265 355 2349 Nec
369 2267 421 2352 ab
437 2293 483 2351 ea
505 2291 620 2378 parte
637 2289 723 2354 tota
743 2266 868 2350 ullum
886 2293 1086 2377 unquam,
1125 2263 1256 2379 qualis·

259 2429 417 2515 cunque
444 2403 605 2491 tandem
642 2407 820 2521 generis,
843 2404 1077 2491 beneficium
1107 2407 1256 2520 ,accepis

258 2541 332 2625 nisi
361 2538 475 2653 quod
503 2571 568 2628 me
596 2543 737 2630 divino
774 2539 966 2628 beneficio
997 2543 1257 2631 liberatum‘i

257 2705 441 2802 carcere,
484 2683 527 2763 in
557 2707 677 2794 quem
703 2708 768 2765 me
791 2679 930 2793 spretis
947 2681 1258 2794 proculcatisque

255 2815 434 2931 legibus,
448 2828 489 2902 &
509 2823 621 2906 omni
637 2833 747 2929 jure,
766 2820 929 2904 inimica
956 2820 1081 2906 fastio
1104 2849 1259 2936 compe·

255 2979 392 3077 gerat,
431 2960 650 3071 Antverpia
667 2964 851 3070 excepit:
889 2958 955 3042 sed
976 2961 1095 3045 itaut
1116 2989 1185 3045 me
1204 2961 1259 3042 iu·

254 3087 316 3175 tra¹
334 3095 500 3203 pastoris
517 3100 572 3179 ob
592 3096 793 3180 sententiae
809 3097 950 3181 nostrae
977 3097 1257 3210 professionem

255 3231 465 3317 exsulantis
506 3229 712 3345 (induciae
740 3259 824 3320 tum
846 3235 974 3323 adhuc
1003 3238 1159 3356 erant)
1194 3235 1257 3322 do·

253 3391 366 3454 mum
385 3375 650 3460 continuerim
672 3377 774 3469 :ubi,
793 3405 881 3464 cum
902 3406 967 3462 me
976 3377 1191 3488 salutatum
1200 3401 1257 3463 ve·

253 3507 399 3595 niffent
420 3521 461 3595 &
484 3513 636 3598 Consul
656 3517 834 3603 Urbis&
855 3517 1074 3636 Syndicus‚
1111 3537 1257 3601 cumae·

251 3644 324 3733 des
350 3649 435 3740 suas
461 3653 710 3754 offerentes,
756 3683 842 3746 tum
858 3683 1046 3778 rogantes
1062 3679 1107 3745 ut
1132 3655 1255 3741 secum

1119 3791 1259 3884 Archi·
