2576 4464
250 191 327 284 396·
419 134 716 282 Jo'ANNIS
762 169 1013 266 suuntur

248 301 815 455 attribuentibus
833 303 1080 448 illusisti
1099 306 1230 449 ‘diiii'

202 470 207 480 ’
246 463 362 524 &uram
375 460 457 541 quod
515 459 644 535 ofitetur,
664 476 782 540 eutego
806 463 898 523 omni.
909 461 1067 527 destitutus
1079 434 1151 527 ’sum
1163 486 1230 526 ton·

207 535 217 558 '
245 540 469 618 jebburarumju
492 540 566 600 'cios
596 537 1230 622 ericulumestinreparva:spesrtisrudluo·
1279 581 1282 616 ,

249 617 357 682 fiffinae
388 638 421 681 at
445 618 560 697 glorios
594 635 657 678 mar.
697 618 787 680 Mete
820 637 851 680 re
872 641 979 682 norum
1010 619 1228 684 extimescenda
1281 645 1282 650 ¹

246 697 325 769 sunt,
355 716 410 759 nos
435 714 514 758 cette
537 715 568 756 ea
594 697 766 762 metuimus.
805 637 919 774 Gaspari
936 705 1061 757 Gamutix'
1077 702 1228 778 negotium
1281 751 1282 754 ,

248 775 307 836 tibi
320 775 509 848 commendo,
531 773 661 835 hominis
671 775 798 854 optimi,
817 771 965 838 fortissimi
989 793 1076 855 atque
1101 775 1229 838 constan·
1281 809 1282 820 ,

247 849 346 914 tissimi
358 853 464 914 exulis.
500 853 589 914 etiam
603 851 684 930 quod
704 872 752 916 me
764 852 954 916 consolatur:
982 856 1096 917 Omnes
1109 857 1228 918 illius&

245 936 328 989 Bruti
340 929 369 992 dx
380 934 465 1008 Caffli,
486 950 598 1004 omnes,
613 933 734 1008 inquam
746 932 944 993 intermottui.
975 933 1053 1002 solut
1067 931 1127 1012 ipse
1139 934 1228 994 adbuc
1281 933 1283 1014 ζ

202 1055 206 1062 ,
245 1007 342 1086 sperat
369 1009 478 1070 liberos
508 1008 577 1070 suot
607 1009 690 1069 lares.
729 1008 795 1069 Hac
818 1007 855 1070 de
880 1007 992 1086 caussa,
1020 1007 1144 1073 vestram
1168 1029 1229 1072 tum
1281 1031 1283 1040 “

245 1083 370 1150 caussam
395 1085 513 1148 voluit:
546 1101 655 1148 orout
678 1087 710 1147 in
736 1107 768 1148 re
791 1107 877 1170 parva
903 1088 974 1152 adsis
996 1091 1095 1152 amico
1115 1109 1227 1167 magno.
1282 1103 1284 1156 ᾳ

225 1161 336 1248 fale.
370 1168 553 1242 Argentoratr'.
1282 1165 1284 1188 ³

549 1456 792 1534 EPIST·
839 1461 935 1539 XlV·
996 1463 998 1466 ’

402 1593 686 1708 turnus
740 1590 1077 1677 Nnuuxur

462 1729 688 1803 ROGERO
728 1727 1001 1806 AscHAMO.

330 1878 479 1947 Dmiratio
497 1902 555 1946 tuae
573 1882 751 1947 eruditionis
774 1883 850 1946 mihi
870 1903 998 1946 amorem
1024 1881 1147 1962 peperit,
1169 1899 1230 1942 non

350 1981 432 2023 arnor
450 1962 629 2025 eruditionis
642 1962 874 2024 admirationem.
894 1979 1087 2041 quapropter,
1106 1957 1231 2039 optime,

246 2039 277 2097 ἃ
289 2037 467 2100 disertislime
480 2037 617 2116 Aschame,
637 2061 775 2102 nonerro
790 2043 823 2102 in
835 2042 896 2102 tuis
910 2040 1030 2101 dotibus
1049 2035 1231 2120 aestimandis,
1286 2083 1287 2090 ,

247 2116 283 2175 ad
303 2135 375 2253 puas
405 2116 572 2195 judicium,
594 2140 654 2180 non
679 2137 806 2179 amorem
817 2118 962 2179 adhibeo:
985 2119 1014 2178 δι
1027 2115 1107 2178 soleo
1120 2117 1153 2175 in
1168 2135 1231 2194 per-

245 2213 304 2274 pen
326 2192 418 2269 endis,
443 2197 472 2257 &
485 2199 657 2271 amicorum,
671 2199 698 2258 δι
714 2197 906 2257 inimicorum
917 2194 1089 2267 virtutibus,
1106 2191 1174 2256 satis
1187 2195 1231 2253 in·

246 2287 405 2350 corruptus
417 2275 519 2334 censor
531 2273 594 2336 elle.
614 2275 663 2335 sed
677 2275 732 2335 hoc
747 2273 956 2351 interest,quod
971 2273 1053 2335 dotes
1067 2273 1229 2332 amicorum

247 2348 397 2428 applausu,
419 2353 447 2413 &
468 2354 671 2428 gratulatione,
695 2354 886 2412 inimicorum
900 2348 1097 2425 dolore‚'non
1118 2348 1229 2410 invidia

246 2428 415 2506 prosequor.
454 2431 550 2492 Doleo
563 2433 644 2491 enim
657 2429 687 2490 id
701 2430 774 2490 mihi
788 2430 899 2490 meisve,
910 2429 1011 2502 deesl'e,
1035 2427 1115 2506 quod
1131 2428 1230 2487 inimi·

246 2507 291 2567 cis
305 2505 439 2590 superesi.
480 2511 503 2570 E
527 2506 639 2569 istolam
656 2508 690 2568 ad
711 2516 851 2584 Pageraum
877 2508 983 2586 scripsi,
1003 2505 1138 2586 suspenso
1152 2521 1230 2567 certe

247 2587 357 2661 animo,
376 2603 469 2662 quum
505 2587 590 2648 ensus
603 2588 686 2648 illius
699 2608 760 2647 non
784 2588 913 2657 calleam,
931 2589 959 2647 δι
975 2605 1029 2662 qua
1044 2601 1123 2665 parte
1138 2583 1230 2642 teneri

248 2659 342 2740 pollit,
361 2664 393 2724 in
406 2667 495 2726 tantis
519 2666 733 2740 mutationibus
757 2686 870 2737 rerum,
890 2685 950 2724 non
962 2665 997 2723 nd
1020 2662 1169 2737 liquidum
1184 2662 1230 2719 in·
1247 2677 1259 2726 “,

246 2743 307 2800 telli
331 2763 385 2802 am.
425 2742 503 2804 Usus
525 2742 590 2803 sum
615 2743 808 2816 divinatione,
827 2745 941 2804 utinam
967 2742 1066 2812 felici,
1089 2757 1168 2804 ¹certe
1182 2737 1231 2798 ad-

247 2761 373 2880 modum
397 2817 505 2881 sedula.
538 2842 598 2882 non
622 2821 706 2881 ausus
728 2821 774 2894 sui
801 2838 908 2899 petere,
929 2837 964 2880 ut
976 2839 1057 2881 tuam
1079 2819 1229 2880 fortunam

246 2912 387 2967 tueretur,
415 2919 453 2957 ne
476 2900 568 2959 oleret
595 2900 647 2971 illi,
671 2918 718 2957 me
733 2901 748 2959 i
762 2916 790 2958 te
805 2899 838 2957 ad
865 2898 921 2958 hoc
945 2897 1112 2976 instigatum
1134 2893 1228 2957 fuisse.

246 2973 384 3050 Adiunxi
398 2978 526 3050 multos,
548 2979 576 3037 δι
591 2976 667 3038 inter
682 2979 792 3037 multos
803 2995 840 3050 te,
859 2995 893 3037 ut
907 2978 987 3053 quod
1015 2976 1143 3036 dicerem
1157 2977 1230 3033 veri-

246 3053 371 3114 similius
383 3051 459 3125 essert,
481 3055 643 3116 &minime
664 3054 854 3122 subornatum
880 3055 1037 3116 videretur.
1077 3051 1131 3113 Tu
1152 3051 1230 3127 judi·

247 3129 340 3200 cabis,
360 3133 544 3208 mutabisque
557 3150 592 3192 ut
605 3135 694 3192 voles.
715 3132 776 3192 site
789 3152 838 3192 aut
852 3136 1049 3191 Brandr'sdaexm
1063 3133 1094 3191 in
1109 3129 1230 3190 consilio

246 3206 412 3280 habuissem,
438 3213 543 3272 melius
564 3210 598 3268 ad
626 3213 705 3271 illius
725 3211 853 3282 assessus,
878 3212 906 3270 bt
929 3211 963 3270 ad
977 3232 1038 3271 rem
1061 3208 1230 3288 praesentem

249 3285 417 3347 moderatus
428 3285 541 3349 fuissem
557 3288 726 3349 dittionen.
738 3289 860 3349 nuncid
876 3309 925 3364 per
939 3289 1096 3350 absentiam
1110 3285 1230 3348 vestram

246 3365 401 3442 obtingere
427 3387 488 3428 non
517 3369 612 3439 licuit,
631 3367 718 3427 etiam
734 3367 753 3425 si
767 3367 841 3425 milri
855 3370 919 3443 ejus
941 3368 1098 3428 consilium
1125 3364 1230 3444 permi-

246 3439 328 3501 sisses.
367 3442 462 3502 Valde
485 3442 612 3506 desidero
634 3463 719 3505 tuum
740 3445 908 3514 advenmm,
929 3467 999 3504 cum
1022 3464 1082 3522 quo
1108 3445 1229 3505 liberiut

245 3522 365 3597 loquor,
384 3540 472 3599 quam
482 3520 586 3582 scribo.
625 3523 808 3584 Literastuas
832 3526 960 3592 remitto,
985 3524 1032 3582 sed
1046 3525 1162 3601 exlege,
1189 3537 1230 3592 ut,

246 3596 394 3660 subduliis
413 3599 458 3670 iis,
485 3620 549 3676 quae
564 3601 659 3660 oculis
673 3604 835 3661 multorum
849 3623 910 3660 non
926 3602 998 3661 velis
1012 3605 1132 3676 exponi,
1157 3598 1229 3659 mihi

165 3675 173 3686 '
247 3675 358 3741 reddas.
396 3678 460 3754 Ego
475 3681 554 3739 enim
565 3679 748 3741 eruditorum
757 3681 864 3752 literas,
885 3684 982 3757 quales
996 3697 1053 3742 tuae
1067 3679 1143 3753 sunt,
1166 3695 1229 3766 qux

1150 3773 1231 3836 opti-
