2612 4450
222 163 285 276 42
376 125 1118 236 eunomianorum

218 302 321 414 sequi
339 307 379 386 8(
394 300 601 413 gratiarum
617 298 778 382 adsone.
833 300 1005 413 Ideoque
1034 285 1240 418 nudiuste-

218 417 293 498 tius
313 429 380 524 per
404 412 593 521 Joannem
606 413 772 496 Mariam
789 415 968 498 Mauuier
986 415 1076 525 (qui
1091 419 1239 526 provin-

217 528 324 609 ciam
359 529 465 609 illam
492 523 657 636 expensa
678 522 881 627 solvendi,
918 550 1152 660 quaecunque
1171 533 1235 610 mel

218 639 342 750 gratis
360 639 594 751 erogaveris,
628 637 669 718 in
693 633 730 720 se
750 639 970 720 humaniter
984 634 1172 750 suscepit)
1189 645 1228 723 fi.

94 757 96 760 ’
217 773 316 835 teras
343 746 419 832 tibi
453 748 583 847 dedi,
627 745 751 832 hodie
780 775 846 860 per
869 746 1155 836 illustrissimum
1174 779 1230 835 no·

218 859 336 945 strum
352 858 570 945 Consulem.
627 860 780 963 Quibus
794 863 911 945 etiam
925 859 1233 980 obnixe'r'ogo,ut

217 973 341 1088 siquas
361 1000 419 1058 res
437 972 636 1085 peculiaris
654 975 812 1084 alicujus
825 977 865 1058 8(
883 981 975 1060 rat-e
994 997 1151 1076 nature,
1178 1003 1233 1060 nec

217 1091 410 1196 Europaeo
424 1084 512 1169 orbi
534 1083 632 1167 adeb
654 1087 844 1196 cognitas,
872 1087 1162 1199 inregionibus
1181 1115 1233 1172 rt·

218 1197 301 1282 liris
319 1198 514 1282 inveneris
542 1235 557 1303 3
586 1199 643 1280 uti
659 1195 745 1281 sunt
764 1197 922 1307 lapides,
946 1201 1079 1284 sotum
1096 1207 1155 1283 trel
1171 1203 1231 1284 rir-

218 1325 301 1393 tute
321 1309 495 1421 ipsorum
510 1308 722 1422 conspicui,
752 1315 919 1413 metalla,
948 1315 1233 1414 alteratam-

218 1447 281 1523 rae,
311 1424 506 1507 medicinae
534 1425 594 1502 vel
623 1420 771 1506 artibus
791 1421 1052 1526 inservientes,
1079 1425 1234 1528 arbores,

217 1538 374 1644 plantae,
401 1534 528 1633 liores,
555 1538 683 1644 quales
706 1532 800 1617 alibi
822 1537 892 1620 vix
912 1535 1140 1646 habentui3
1166 1565 1237 1621 om·

218 1648 285 1728 nia
304 1647 470 1759 ipsarum
489 1670 615 1730 rerum
642 1645 861 1758 specimina,
890 1652 930 1731 8(
944 1674 1027 1760 quae
1043 1651 1240 1763 propagari

217 1756 386 1869 poliunt,
422 1758 577 1859 semina,
617 1784 706 1841 cum
738 1759 929 1868 inscriptis
949 1763 1159 1873 unicuique
1178 1764 1240 1846 suis

219 1870 442 1954 nominibus
471 1873 512 1952 8(
538 1871 736 1981 qualitate,
778 1876 967 1982 colligere,
1002 1877 1043 1957 8(
1062 1873 1242 1959 Halebum

218 1982 473 2066 transmittere
492 1984 712 2093 dignareris.
770 1988 841 2066 Vel
858 1983 883 2067 si
903 1983 1111 2070 consultius
1130 1987 1240 2088 durre-

217 2095 284 2194 ris‚
321 2122 403 2206 quae
431 2098 572 2177 molem
603 2105 643 2178 8(
665 2099 918 2206 quantitatem
947 2095 1239 2208 praeseferunt,

217 2205 382 2290 navibus
408 2208 640 2315 imponeres,
679 2207 819 2317 dirigas
847 2209 962 2290 velim
985 2215 1036 2292 D.
1053 2214 1241 2293 Gulielmo

176 2382 187 2412 .
218 2313 373 2430 Husl'ey,
400 2322 612 2420 mercatori,
646 2320 876 2428 &lingulati
895 2324 1239 2421 meoamicqton-

217 2431 315 2513 dini.
374 2434 519 2537 Magna
541 2431 639 2532 sunt,
681 2458 762 2541 quae
789 2431 971 2542 efflagit0‚
1005 2461 1163 2545 quaeque
1187 2461 1238 2516 me

219 2542 358 2624 rubore
378 2541 626 2650 suffundent,
654 2543 761 2652 quod
780 2542 895 2625 ausam
919 2544 1043 2629 studia
1062 2566 1127 2628 tua
1153 2548 1236 2629 meis

217 2653 471 2754 interturbare
493 2657 632 2763 nugis,
660 2655 724 2737 sed
735 2682 816 2766 que
836 2659 1125 2740 Humanitatem
1142 2677 1234 2741 tuam

218 2793 456 2877 nequaquam
487 2767 683 2849 dedecent.
750 2769 941 2878 Siquidem
984 2767 1091 2853 bona
1129 2796 1231 2879 opera

218 2876 367 2987 semper
394 2877 464 2960 tibi
487 2882 619 2961 animo
648 2878 745 2976 sunt,
774 2907 842 2960 nec
870 2885 1055 2992 majorem
1081 2903 1225 2990 unquam

216 2993 380 3098 percipis
392 2990 812 3102 deledlationemquam
828 2992 1120 3076 benefaciendo
1130 2999 1225 3102 Perge

216 3099 347 3207 igitur,
370 3103 574 3184 reverende
586 3103 1051 3188 admodumuclariffime
1064 3107 1228 3199 Domine,

217 3215 256 3293 8(
276 3211 418 3295 etiamsi
436 3215 609 3298 molestus
626 3213 680 3317 fit,
710 3215 862 3326 ignosce
877 3232 1007 3300 tamen

693 3435 1176 3558 Taifauora‘sstudiofiffimo,

256 3546 346 3609 llalebi
361 3545 424 3627 Julii
441 3565 485 3612 ao.
502 3554 582 3626 1677.
1120 3636 1167 3715 R·
1187 3630 1224 3709 H·

1112 3879 1221 3966 XXX.
