2684 4476
314 217 362 270 12
407 189 575 268 uorsa.
598 187 718 262 ran.
745 185 817 262 ao
837 186 867 282 J.
890 125 1203 280 sruunrun.

239 375 242 384 A
315 333 395 388 tuta,
417 314 446 373 or
465 327 578 384 eventa,
596 310 651 388 qui
670 310 703 370 ln
720 305 740 369 s
755 305 874 368 lendore
894 308 989 368 aulico
1008 308 1105 365 vitam*
1117 304 1200 364 suam
1217 318 1280 365 tra·

313 399 439 456 ducunt.
479 397 572 448 Patrio
583 389 699 462 Angelus
742 404 843 461 argaeus
854 379 984 460 Pisanus,
1003 384 1132 443 carmine
1150 381 1277 454 divino,

316 459 473 536 Kartum*
490 467 658 543 complexus
671 459 728 525 est:
759 483 814 524 nec
839 463 939 523 minus
957 459 1213 523 excellit-dicendi
1231 459 1279 520 fa-

316 539 445 607 cultate.¹
465 545 493 604 ls
511 543 631 622 scripsu,
648 560 683 611 ut
701 561 736 602 ex
754 542 818 622 ejus
836 541 955 618 scripto,
975 536 1278 599 &aranarrrtellimo-

315 625 369 684 nio
396 623 554 699 intelligo,
583 615 757 680 dooiffimos
780 622 869 678 etiam
894 617 1126 679 Commentarios
1150 618 1183 676 in
1207 633 1279 676 eru-

316 701 415 763 ditum
434 702 521 772 illum
534 703 663 756 Demetrii
675 698 811 758 libellum
828 699 861 754 de
873 697 1028 754 Electrione.
1059 695 1111 754 An
1129 691 1178 754 hic
1189 693 1296 766 liber„

316 779 348 839 ἃ
368 779 422 852 illi,
441 797 514 854 quos
527 776 753 838 commemoravi
763 779 873 840 loannis
884 773 1004 851 Baptrjlae
1014 776 1112 846 rigna,
1130 773 1161 832 in
1175 773 1278 834 lucem
1331 773 1332 816 ἶ

317 853 461 940 prodiere,
481 871 531 915 aut
548 855 602 913 smt
621 852 777 931 prodituri,
796 851 953 912 admodum
973 870 1043 909 aveo
1062 848 1144 910 scire.
1176 849 1208 909 Si
1222 848 1279 910 ho-

317 949 369 992 mo
387 951 427 1007 es,
445 935 487 993 ml
507 936 618 1004 sturmi,
636 930 693 992 hoc
712 949 778 990 meo
796 947 909 1008 rogatu,
955 947 985 989 er
1003 929 1102 988 literas
1120 943 1184 988 tuas
1204 947 1280 1006 cog·

317 1009 406 1072 nosce
423 1012 521 1090 primo
538 1025 657 1087 quoque
675 1025 813 1101 tempore,
833 1029 849 1068 a
876 949 957 1064 Panda
980 1010 1119 1076 llanurr'o,
1138 1004 1192 1079 qui
1210 1025 1279 1066 om.

317 1089 405 1150 nium
423 1091 535 1167 optime
554 1084 631 1147 istud
649 1088 802 1164 intelligit.
839 1085 878 1146 Er
895 1082 968 1160 quid
986 1085 1035 1144 ille
1054 1081 1214 1158 respondet,
1241 1082 1280 1144 ad

318 1185 368 1226 me
392 1169 613 1246 quamprimum
636 1165 815 1242 perscribas:
847 1161 925 1224 nihil
952 1161 1032 1222 enim
1064 1158 1137 1220 mihi
1165 1162 1281 1238 gratius

320 1241 450 1305 sasturus
469 1265 508 1305 es.
548 1243 738 1304 Et'manibus
751 1242 870 1316 Longrlr'r'
888 1257 1022 1300 artemam
1040 1237 1213 1300 felicitatem
1226 1259 1280 1300 ex-

317 1339 399 1398 opto,
419 1324 472 1397 qui
490 1319 564 1381 milri
584 1319 640 1380 laoc
659 1339 674 1378 a
693 1337 723 1378 te
740 1317 902 1398 postulandi
922 1317 1098 1377 occasionem
1110 1313 1197 1376 dedit.
1240 1318 1280 1378 Et

317 1400 374 1459 tibi
396 1403 437 1468 mi
450 1404 553 1456 stanni·
567 1399 671 1474 gratias
685 1398 817 1474 ingentes
830 1416 892 1473 ago,
911 1396 991 1473 quod
1003 1395 1039 1454 de
1052 1399 1204 1452 Imitatione
1217 1412 1280 1452 m·

318 1482 389 1533 toria
396 1475 508 1551 scriem
527 1473 610 1560 quod
622 1474 696 1534 mihi
708 1476 825 1534 mittere
838 1475 993 1551 polliceris,
1005 1491 1068 1550 que
1081 1471 1185 1532 dislata
1195 1470 1279 1534 sunt.
1330 1515 1332 1522 ι

317 1554 411 1614 Mitte
433 1554 582 1630 initum&
607 1554 823 1631 quamprimum
844 1553 939 1612 mitte.
965 1558 1149 1625 utPraeceptor
1172 1569 1279 1622 meus,
1321 1556 1325 1564 '

318 1634 463 1707 quinum:
475 1628 516 1688 est
537 1631 599 1690 fere
610 1630 715 1701 nudus,
734 1631 763 1689 δι
777 1633 862 1710 plape
884 1628 1032 1697 defanata,
1051 1625 1135 1687 istinc
1148 1627 1279 1704 aliquem

317 1710 523 1784 elegantiorem
535 1725 672 1769 mutuans
683 1707 830 1780 amioum,
839 1707 974 1767 nonnihil
985 1706 1096 1766 cultius
1105 1702 1238 1778 vellitus,
1249 1706 1280 1766 δι

318 1785 389 1845 inde
400 1785 550 1862 superbior
561 1783 662 1858 faetus,
681 1787 712 1844 in
724 1786 821 1846 lucem
833 1785 969 1845 audacius
989 1783 1115 1862 prodeat.
1153 1783 1280 1845 Interim

319 1881 390 1923 vero
414 1866 504 1944 cupio
527 1885 542 1922 a
554 1878 583 1922 tt
595 1863 677 1936 scire,
698 1884 733 1921 an
747 1868 866 1920 imitatio
875 1862 931 1922 lroc
943 1863 1018 1934 loco,
1036 1879 1097 1920 tam
1108 1861 1164 1920 late
1178 1879 1280 1938 patere

319 1939 431 2012 debeat,
463 1958 569 2002 uteam
583 1943 671 2000 etiam
696 1941 931 2000 exercitationem
947 1940 1167 2016 complellatur,
1187 1956 1281 2015 quam

318 2018 552 2095 norlsetaphrafin
563 2020 755 2079 nominamus.
781 2019 857 2093 Quae
871 2016 979 2090 Mipaor
991 2035 1086 2076 tamen
1099 2037 1113 2074 a
1126 2019 1238 2074 Platone
1254 2035 1279 2089 3.

318 2095 521 2172 dellepublica
534 2096 651 2156 dicitur.
671 2096 722 2155 ubi
736 2095 797 2174 ipse
808 2103 922 2154 Socrates
930 2097 1091 2156 orationem
1106 2092 1224 2170 Chrysae
1238 2095 1256 2152 s
1253 2115 1280 2152 a·

319 2173 446 2233 cerdotis
459 2168 521 2232 exr't
542 2175 580 2232 Ιλ,
594 2174 686 2232 libero
698 2174 829 2233 sermone
852 2171 1055 2250 elegantiffirne
1067 2170 1207 2232 dissolvit.
1242 2173 1281 2232 Et

319 2269 375 2309 cur
386 2271 445 2308 non
459 2253 616 2329 appelletur
628 2253 764 2323 imitatio,
783 2272 843 2310 non
857 2251 960 2310 video:
981 2271 1049 2308 cum
1068 2249 1181 2308 videaur
1195 2252 1279 2310 ineo

264 2344 274 2352 ·
318 2330 395 2399 loco,
414 2329 442 2386 δι
456 2328 585 2405 quaedam
599 2328 865 2404 prudenterablata
885 2329 913 2387 δι
927 2329 1018 2388 multa
1032 2326 1183 2401 ingeniose
1196 2347 1280 2386 com-

319 2419 438 2466 mutata.
477 2405 557 2464 Idem
582 2405 674 2465 l'entio
700 2406 736 2464 de
758 2410 819 2482 pari
845 2406 962 2465 consilio
975 2412 1091 2461 ersrare'r'
1103 2403 1280 2465 Latinissimi

318 2481 425 2552 Poeta,
445 2483 506 2558 qui,
526 2483 635 2542 diuersa
658 2487 778 2555 ratione,
799 2485 937 2560 inignem
959 2483 1038 2543 illam
1053 2485 1206 2560 Thucydidis
1230 2503 1280 2543 ex-

317 2561 508 2641 plicationem
534 2560 627 2636 pestis,
646 2562 762 2620 erudito
786 2561 814 2620 δι
838 2561 963 2638 eleganti
988 2563 1113 2619 cmnine
1136 2561 1279 2634 illigavit.

319 2638 364 2697 At
386 2637 459 2713 quid
481 2639 562 2710 facis,
579 2643 621 2697 ml
635 2636 770 2712 Aritium,
789 2639 1003 2716 inquisrquod
1028 2657 1070 2706 tn,
1096 2659 1154 2695 non
1168 2640 1280 2712 literas,

318 2714 368 2773 sed
388 2715 521 2775 libellum
543 2716 599 2775 hoc
622 2732 751 2794 tempore
776 2717 810 2774 ad
834 2722 902 2776 me?
923 2715 1012 2790 Quod
1036 2718 1122 2784 suin,
1141 2715 1221 2774 facio
1242 2719 1280 2775 li-

319 2792 420 2852 benter
433 2793 461 2851 dt
474 2813 542 2852 cum
555 2795 711 2870 voluptare‚
730 2797 769 2852 mi
786 2800 896 2865 sturmi,
915 2793 1069 2871 pracsertim
1085 2791 1115 2851 isi
1128 2791 1178 2850 hac
1194 2793 1280 2854 dulci

319 2869 348 2928 dt
363 2866 518 2928 domestica
537 2889 608 2937 mea,
628 2872 661 2927 alr
675 2874 755 2929 omni
771 2873 866 2929 aulico
880 2872 1008 2948 negorio,
1028 2871 1121 2930 otioso
1132 2871 1188 2930 hoc
1201 2889 1281 2930 tem·

318 2948 432 3022 pore&
442 2947 531 3005 libera
543 2947 703 3008 cessatione.
714 2949 794 3007 'dum
802 2950 938 3022 Princeps
948 2970 1010 3007 mea
1020 2969 1099 3007 nunc
1109 2949 1230 3024 longius
1243 2951 1280 3008 ab

133 3051 138 3061 ·
228 3067 231 3074 .
319 3023 398 3094 urbe,
418 3045 476 3080 non
503 3027 533 3082 in
549 3026 699 3083 Musarum
721 3027 970 3096 sacrarioPallndi,
989 3027 1065 3102 quod
1081 3027 1196 3101 reliquo
1209 3046 1279 3086 toto

319 3121 395 3158 anno
417 3103 506 3160 facit:
527 3101 573 3160 sed
597 3104 776 3180 intersylvas
789 3112 890 3176 ilium,
911 3105 945 3162 de
968 3124 1055 3174 more,
1076 3104 1129 3161 hoc
1144 3124 1280 3184 temporo

316 3179 428 3235 serviat.
469 3180 505 3237 set
524 3178 584 3238 hac
606 3183 755 3257 proliritas
775 3203 845 3250 mea,
866 3184 937 3241 mihi
953 3183 1070 3256 quiriani
1085 3203 1143 3238 non
1157 3181 1198 3241 est
1213 3204 1280 3242 mo-

319 3251 404 3314 sella:
425 3258 520 3315 &troi
537 3260 614 3325 irem,
634 3259 714 3330 spero
729 3279 787 3319 non
803 3260 959 3318 admodum
975 3279 1030 3316 ern
1043 3263 1152 3326 lucrata
1198 3261 1279 3320 Cum

318 3335 397 3389 enim
415 3334 497 3404 milri,
516 3339 633 3394 nullum
662 3340 690 3394 in
706 3337 853 3396 scribenda·
867 3339 986 3396 aralium
1011 3340 1147 3400 attulerit.
1168 3357 1205 3396 ne
1218 3339 1293 3397 ribi·

317 3425 455 3490 neapolim
470 3433 499 3468 ur
520 3413 642 3486 lcpcruio
657 3413 801 3472 rodidona
817 3417 848 3472 lit
863 3419 995 3491 paritura,
1015 3436 1073 3473 uon
1090 3415 1171 3472 inula
1187 3418 1280 3489 perti·

318 3490 422 3544 narseo.
461 3489 497 3547 Et
510 3489 528 3546 li
541 3490 614 3548 nihil
626 3493 713 3557 aliud,
735 3495 785 3550 lun..
803 3510 878 3549 crite
890 3492 1025 3562 cisaram
1044 3512 1073 3546 n·
1090 3513 1120 3550 tn
1137 3511 1218 3551 certo
1232 3497 1280 3552 in·

316 3567 435 3638 telligas,
456 3566 510 3622 hoc
533 3569 621 3642 luigo
646 3570 755 3626 silentia*
781 3590 855 3627 nuso,
877 3589 973 3627 mcum
993 3591 1056 3635 coru
1082 3589 1110 3629 re
1136 3591 1277 3638 ornarem,

317 3644 439 3702 minime
462 3642 514 3704 elie
528 3644 719 3706 duunrotcm.
759 3650 780 3705 ln
796 3650 903 3726 alliget
924 3668 952 3726 pr
966 3667 1066 3720 uterer,
1085 3649 1164 3725 quod
1178 3649 1277 3706 adlauc

1183 3745 1275 3785 ettam
