2570 4462
1247 41 1259 82 i

157 279 159 284 ,
242 221 320 304 ,η
390 189 1229 318 counnuonrrminuume„

534 493 567 566 E
588 491 615 566 P
636 427 783 565 1ΙιδΤυ
805 493 938 568 XXIII.

426 641 491 743 J).
565 641 631 742 n.
708 641 1042 758 uicere,
1203 642 1277 778 ’ς

318 796 506 863 macno
545 781 746 862 nuemn'
787 793 1151 863 ciucnuunuro.
1213 769 1218 782 '

340 942 450 1005 UAM
468 941 600 1034 primurn
625 940 824 1020 cognovimus
849 955 879 1000 te
904 941 938 1000 in
957 937 1031 1001 lianc
1052 899 1230 1004 celsrffimam
1275 881 1278 974 i

360 1020 540 1100 Reipublicae
563 1018 661 1082 sedem
686 1018 822 1080 evodium
840 1015 906 1092 elle,
927 1015 1148 1097 prudentissime
1170 1017 1231 1080 Do-

248 1103 342 1175 mine,
361 1102 395 1162 in
416 1118 474 1177 qua
497 1115 533 1160 tu
555 1096 655 1160 sedens
667 1095 753 1160 habes
765 1098 798 1158 in
811 1113 841 1158 te
853 1096 1003 1176 conjeelos
1025 1098 1166 1158 omnium
1179 1095 1232 1158 ho·

246 1181 363 1242 minum
385 1179 513 1250 oculos,
533 1177 565 1236 in
579 1195 637 1254 qua
659 1178 839 1251 mquamvis
854 1171 954 1252 Judex
975 1171 1076 1236 sedens
1085 1221 1098 1258 ,
1117 1173 1233 1251 judicia

248 1275 347 1320 tamen
359 1259 485 1318 aliorum
496 1251 650 1317 sustinebis
662 1253 691 1314 δι
705 1246 854 1330 colloquia
863 1255 952 1314 etiam
961 1253 1165 1331 plurimorum
1177 1253 1232 1314 ho-

249 1336 367 1397 minum
387 1333 508 1396 subibis.
548 1333 625 1396 Ecce
651 1329 811 1394 Academia
832 1331 1053 1409 Cantabrigienfis
1074 1330 1130 1392 tibi
1155 1329 1232 1392 hauc

248 1433 359 1475 novam
385 1411 561 1490 dignitatem
572 1411 761 1488 gratulatura,
781 1427 816 1470 ut
828 1407 933 1482 debet;
954 1410 984 1472 δι
998 1426 1127 1470 veterem
1139 1428 1232 1487 opem

248 1491 332 1552 suam
346 1512 381 1552 ex
403 1488 456 1549 hac
468 1487 534 1550 sede
545 1535 553 1560 ,
566 1507 659 1565 *quam
671 1504 707 1547 tu
720 1507 802 1548 nunc
814 1483 952 1566 pollides,
974 1482 1179 1566 imploratura,
1199 1505 1233 1548 ut

248 1568 344 1631 solet:
363 1567 451 1629 offert
460 1566 517 1626 sese
528 1565 584 1626 tibi
600 1567 678 1625 inter
701 1567 844 1641 reliquam
857 1563 1013 1626 hominum
1025 1567 1152 1638 turbam,
1180 1565 1234 1644 qui

250 1645 372 1711 salutem
385 1645 468 1706 suam
478 1664 514 1704 ex
529 1644 664 1720 aequitate
677 1659 726 1702 tua
740 1640 896 1720 pollulant,
912 1642 1113 1720 &expellam
1154 1643 1235 1706 Petit

250 1745 324 1786 vero
347 1739 382 1784 ut
404 1721 562 1801 privilegia
588 1723 654 1797 ejus
679 1718 779 1780 inhoc
801 1722 898 1796 primo
909 1721 1000 1796 Regis
1022 1718 1115 1784 nostri
1135 1720 1235 1792 Parla-

250 1821 354 1866 mento
367 1798 589 1892 confirmentur.
623 1798 683 1858 sure
696 1797 804 1876 quibus
816 1819 871 1888 nec
884 1798 902 1857 s
899 1818 946 1874 pes
967 1800 1080 1889 literis,
1099 1817 1158 1888 pec
1179 1799 1235 1860 ale·

251 1898 342 2034 en
353 1896 519 2043 enei,
526 1896 583 2028 e?
603 1876 665 1936 ”1¹²
690 1875 1237 2044 lelnesleeurlnd

157 2067 159 2072 ’
252 2031 1238 2191 llllallllllllll¹¹llllllsffl‘al‘llllltl&lille

253 2209 323 2252 rum
342 2191 536 2267 'ingeniorum
557 2186 693 2262 sustinet,
711 2189 740 2250 δι
755 2205 895 2266 quantam
908 2208 1007 2256 curam
1025 2188 1127 2252 salutis
1147 2192 1236 2251 etiem

253 2264 437 2347 posterorum
462 2283 629 2345 temporum
642 2267 675 2326 in
687 2266 717 2326 se
729 2267 851 2344 recipit,
871 2266 1034 2344 prudentie
1061 2285 1119 2326 tuae
1131 2267 1239 2330 obscu-

256 2365 325 2408 rum
338 2341 393 2405 else
406 2366 467 2406 nou
491 2343 592 2422 potest.
632 2345 708 2406 Haec
728 2346 842 2406 utilitas
855 2345 889 2404 ab
908 2344 1066 2408 Academia
1086 2345 1239 2421 saepiffirne

255 2441 400 2504 percepta,
422 2424 452 2484 δι
465 2424 497 2484 ἱη
511 2421 658 2484 universes
671 2441 745 2482 verte
771 2423 939 2498 Religionis
962 2424 1146 2501 reliquoque
1170 2423 1241 2486 Rei·

255 2501 382 2582 publicae
395 2517 490 2580 partes
501 2499 633 2562 latiffime
644 2500 758 2572 diffusa,
777 2502 1030 2563 excitauitomnes
1042 2501 1153 2580 Reges,
1176 2522 1239 2564 oui·

257 2582 307 2642 nia
334 2580 534 2652 Parlamenta,
557 2597 659 2639 omnes
678 2580 783 2650 Angliae
806 2579 1022 2652 cancellarios,
1042 2580 1075 2640 in
1099 2599 1241 2657 magnam

162 2715 165 2725 ,
256 2678 360 2718 curam
382 2655 572 2736 procurandae
591 2656 691 2717 salutis
713 2655 883 2718 Academiae
905 2653 1016 2718 nostrae.
1056 2657 1140 2721 Hinc
1152 2659 1242 2720 favor

257 2737 321 2810 ille,
345 2753 406 2811 quo
420 2733 515 2798 nostra
534 2751 616 2796 etate
638 2732 763 2795 mirifice
783 2733 975 2796 Academiam
1000 2733 1073 2798 hanc
1086 2737 1242 2814 complexi

257 2814 327 2876 sunt
340 2833 451 2885 omncs,
470 2813 567 2891 quite
581 2813 612 2872 in
626 2809 682 2872 hoc
694 2810 793 2872 officio
807 2810 955 2889 antegressa
969 2811 1058 2872 sunt:
1077 2833 1154 2890 quos
1171 2834 1242 2878 cum

260 2908 296 2953 tu
308 2909 403 2969 equas
417 2891 547 3028 {nfilmii
558 2890 672 3026 ratlilone
696 2889 843 3028 potestaltis
868 2893 905 2981 διΙ
918 2891 1092 3030 ρωάεηῖξω,
1110 2891 1243 2970 superati

259 2983 1158 3137 {maranum},eezneuiilnner
1171 2991 1243 3138 ,zet

260 3139 356 3184 tentae
368 3139 457 3182 etiarn
469 3125 595 3200 aliquus
610 3135 704 3201 'partis
717 3122 809 3185 officii
822 3127 880 3199 tui,
892 3149 894 3152 ¹
905 3123 986 3200 quod
1000 3124 1075 3195 Deo,
1094 3125 1243 3205 Principi,

261 3199 499 3277 &Reipublicae
525 3199 623 3273 debes,
644 3202 756 3262 clerum
781 3201 848 3264 ellet
869 3201 1083 3264 testimonium.
1123 3204 1244 3276 Libere,

261 3277 313 3338 sed
325 3299 393 3337 vere
414 3281 574 3356 loquimur.
603 3297 659 3340 nec
680 3283 773 3357 magis
786 3280 821 3340 ad
832 3281 992 3341 utilitatem
1016 3278 1147 3342 nostram
1160 3303 1243 3346 com-

284 3355 534 3434 arandam,quan1
556 3355 593 3416 ad
614 3357 731 3419 laudem
756 3377 837 3418 tuam
857 3357 1024 3420 immensam
1045 3361 1241 3422 excitandam.

260 3375 433 3494 iltilitatem
442 3436 616 3512 enimquam
626 3455 721 3495 nosex
732 3432 834 3495 studiis
844 3435 948 3498 nostris
959 3437 1245 3516 quaesivimusmg'·

263 3529 333 3570 nam
346 3529 457 3588 partem
470 3513 529 3586 jam
554 3513 747 3590 percipimus,
767 3516 894 3573 aliorum
916 3513 1021 3585 cauffo,
1042 3517 1093 3590 qui
1108 3517 1244 3578 nihildi·

262 3584 419 3658 dicerunt3
438 3589 613 3666 Religionis,
632 3590 812 3669 Reipublicae
827 3590 928 3664 caulla,
948 3595 1056 3668 quibus
1069 3592 1186 3655 duabus
1200 3616 1245 3655 re-

262 3665 461 3732 bus-domna
473 3667 634 3746 plurimum
648 3669 782 3732 confert:
805 3670 894 3747 ipsius
907 3673 994 3734 etiam
1007 3671 1170 3748 prudentie
1182 3691 1242 3812 εἴ

1138 3770 1194 3812 eliu
1221 3773 1246 3816 A»
