<?xml version="1.0" encoding="UTF-8"?>
<!DOCTYPE html PUBLIC "-//W3C//DTD XHTML 1.0 Transitional//EN"
    "http://www.w3.org/TR/xhtml1/DTD/xhtml1-transitional.dtd">
<html xmlns="http://www.w3.org/1999/xhtml" xml:lang="en" lang="en">
 <head>
  <title>
</title>
<meta http-equiv="Content-Type" content="text/html;charset=utf-8" />
  <meta name='ocr-system' content='tesseract 3.04.00' />
  <meta name='ocr-capabilities' content='ocr_page ocr_carea ocr_par ocr_line ocrx_word'/>
</head>
<body>
  <div class='ocr_page' id='page_1' title='image "./rogeriaschamiep00sturgoog_0131.png"; bbox 0 0 2644 4466; ppageno 0'>
   <div class='ocr_carea' id='block_1_1' title="bbox 280 239 1079 382">
    <p class='ocr_par' dir='ltr' id='par_1_1' title="bbox 280 239 1079 382">
     <span class='ocr_line' id='line_1_1' title="bbox 280 239 1079 382; baseline 0 -38"><span class='ocrx_word' id='word_1_1' title='bbox 280 267 467 344; x_wconf 69' lang='lat' dir='ltr'>oraru</span> <span class='ocrx_word' id='word_1_2' title='bbox 514 239 812 346; x_wconf 74' lang='lat' dir='ltr'>suouuour</span> <span class='ocrx_word' id='word_1_3' title='bbox 1002 290 1079 382; x_wconf 63' lang='lat' dir='ltr'>qr.</span> 
     </span>
    </p>
   </div>
   <div class='ocr_carea' id='block_1_2' title="bbox 399 575 729 865">
    <p class='ocr_par' dir='ltr' id='par_1_2' title="bbox 399 575 729 865">
     <span class='ocr_line' id='line_1_2' title="bbox 399 575 725 658; baseline -0.009 -6"><span class='ocrx_word' id='word_1_4' title='bbox 399 575 725 658; x_wconf 69' lang='lat' dir='ltr'>Ermr.m.</span> 
     </span>
     <span class='ocr_line' id='line_1_3' title="bbox 441 709 729 865; baseline 0.021 -49"><span class='ocrx_word' id='word_1_5' title='bbox 441 709 729 865; x_wconf 59' lang='lat' dir='ltr'>arnam,</span> 
     </span>
    </p>
   </div>
   <div class='ocr_carea' id='block_1_3' title="bbox 1 916 1228 3729">
    <p class='ocr_par' dir='ltr' id='par_1_3' title="bbox 181 916 1054 1000">
     <span class='ocr_line' id='line_1_4' title="bbox 181 916 1054 1000; baseline -0.003 -15"><span class='ocrx_word' id='word_1_6' title='bbox 181 923 244 985; x_wconf 87' lang='lat' dir='ltr'>UO</span> <span class='ocrx_word' id='word_1_7' title='bbox 283 927 398 1000; x_wconf 75' lang='lat' dir='ltr'>maiore</span> <span class='ocrx_word' id='word_1_8' title='bbox 436 919 496 982; x_wconf 89' lang='lat' dir='ltr'>sem</span> <span class='ocrx_word' id='word_1_9' title='bbox 584 916 680 984; x_wconf 88' lang='lat' dir='ltr'>studio</span> <span class='ocrx_word' id='word_1_10' title='bbox 711 921 874 992; x_wconf 73' lang='lat' dir='ltr'><strong>laborabam</strong></span> <span class='ocrx_word' id='word_1_11' title='bbox 904 926 1054 992; x_wconf 76' lang='lat' dir='ltr'>Revereri.</span> 
     </span>
    </p>

    <p class='ocr_par' dir='ltr' id='par_1_4' title="bbox 87 997 1083 1314">
     <span class='ocr_line' id='line_1_5' title="bbox 187 997 1050 1072; baseline 0.008 -13"><span class='ocrx_word' id='word_1_12' title='bbox 187 998 302 1070; x_wconf 71' lang='lat' dir='ltr'>dissime</span> <span class='ocrx_word' id='word_1_13' title='bbox 319 1003 355 1062; x_wconf 88' lang='lat' dir='ltr'>in</span> <span class='ocrx_word' id='word_1_14' title='bbox 367 997 481 1062; x_wconf 83' lang='lat' dir='ltr'>Christo</span> <span class='ocrx_word' id='word_1_15' title='bbox 518 1017 587 1071; x_wconf 81' lang='lat' dir='ltr'>ater,</span> <span class='ocrx_word' id='word_1_16' title='bbox 611 1015 646 1062; x_wconf 90' lang='lat' dir='ltr'>ut</span> <span class='ocrx_word' id='word_1_17' title='bbox 662 1003 729 1062; x_wconf 74' lang='lat' dir='ltr'>vite</span> <span class='ocrx_word' id='word_1_18' title='bbox 742 1021 813 1060; x_wconf 75' lang='lat' dir='ltr'>mem</span> <span class='ocrx_word' id='word_1_19' title='bbox 831 1005 956 1067; x_wconf 78' lang='lat' dir='ltr'>rationes</span> <span class='ocrx_word' id='word_1_20' title='bbox 970 1007 1050 1072; x_wconf 63' lang='lat' dir='ltr'>surrr-</span> 
     </span>
     <span class='ocr_line' id='line_1_6' title="bbox 90 1074 1083 1154; baseline -0.003 -16"><span class='ocrx_word' id='word_1_21' title='bbox 90 1080 143 1139; x_wconf 81' lang='lat' dir='ltr'>mis</span> <span class='ocrx_word' id='word_1_22' title='bbox 154 1080 291 1141; x_wconf 67' lang='lat' dir='ltr'>amlficiis</span> <span class='ocrx_word' id='word_1_23' title='bbox 302 1079 370 1140; x_wconf 82' lang='lat' dir='ltr'>tuis</span> <span class='ocrx_word' id='word_1_24' title='bbox 380 1097 443 1136; x_wconf 89' lang='lat' dir='ltr'>non</span> <span class='ocrx_word' id='word_1_25' title='bbox 457 1074 660 1153; x_wconf 81' lang='lat' dir='ltr'>indignillimte</span> <span class='ocrx_word' id='word_1_26' title='bbox 673 1077 729 1138; x_wconf 87' lang='lat' dir='ltr'>esse</span> <span class='ocrx_word' id='word_1_27' title='bbox 741 1077 923 1154; x_wconf 63' lang='lat' dir='ltr'>viderentur,</span> <span class='ocrx_word' id='word_1_28' title='bbox 936 1103 973 1144; x_wconf 91' lang='lat' dir='ltr'>eo</span> <span class='ocrx_word' id='word_1_29' title='bbox 982 1084 1049 1145; x_wconf 90' lang='lat' dir='ltr'>sane</span> <span class='ocrx_word' id='word_1_30' title='bbox 1082 1127 1083 1135; x_wconf 73' lang='grc'>,</span> 
     </span>
     <span class='ocr_line' id='line_1_7' title="bbox 88 1152 1050 1236; baseline 0.008 -22"><span class='ocrx_word' id='word_1_31' title='bbox 88 1175 161 1216; x_wconf 82' lang='lat' dir='ltr'>nunc</span> <span class='ocrx_word' id='word_1_32' title='bbox 170 1159 301 1218; x_wconf 82' lang='lat' dir='ltr'>acerbius</span> <span class='ocrx_word' id='word_1_33' title='bbox 310 1155 487 1236; x_wconf 80' lang='lat' dir='ltr'>graviusque</span> <span class='ocrx_word' id='word_1_34' title='bbox 499 1154 576 1216; x_wconf 86' lang='lat' dir='ltr'>serre</span> <span class='ocrx_word' id='word_1_35' title='bbox 585 1152 780 1226; x_wconf 87' lang='lat' dir='ltr'>debeo,ullam</span> <span class='ocrx_word' id='word_1_36' title='bbox 790 1157 823 1218; x_wconf 81' lang='lat' dir='ltr'>io</span> <span class='ocrx_word' id='word_1_37' title='bbox 835 1177 882 1218; x_wconf 91' lang='lat' dir='ltr'>me</span> <span class='ocrx_word' id='word_1_38' title='bbox 892 1161 978 1220; x_wconf 86' lang='lat' dir='ltr'>animi</span> <span class='ocrx_word' id='word_1_39' title='bbox 986 1161 1050 1222; x_wconf 89' lang='lat' dir='ltr'>Do·</span> 
     </span>
     <span class='ocr_line' id='line_1_8' title="bbox 87 1229 1050 1314; baseline 0.004 -20"><span class='ocrx_word' id='word_1_40' title='bbox 87 1235 249 1296; x_wconf 76' lang='lat' dir='ltr'>minationis</span> <span class='ocrx_word' id='word_1_41' title='bbox 259 1251 329 1308; x_wconf 83' lang='lat' dir='ltr'>tuae,</span> <span class='ocrx_word' id='word_1_42' title='bbox 342 1231 425 1310; x_wconf 89' lang='lat' dir='ltr'>quod</span> <span class='ocrx_word' id='word_1_43' title='bbox 437 1231 512 1292; x_wconf 87' lang='lat' dir='ltr'>mihi</span> <span class='ocrx_word' id='word_1_44' title='bbox 525 1234 564 1290; x_wconf 87' lang='lat' dir='ltr'>ira</span> <span class='ocrx_word' id='word_1_45' title='bbox 574 1229 629 1293; x_wconf 88' lang='lat' dir='ltr'>esse</span> <span class='ocrx_word' id='word_1_46' title='bbox 641 1248 677 1293; x_wconf 84' lang='lat' dir='ltr'>ex</span> <span class='ocrx_word' id='word_1_47' title='bbox 690 1234 844 1294; x_wconf 81' lang='lat' dir='ltr'>fratremo</span> <span class='ocrx_word' id='word_1_48' title='bbox 857 1235 923 1296; x_wconf 84' lang='lat' dir='ltr'>viro</span> <span class='ocrx_word' id='word_1_49' title='bbox 935 1239 1050 1314; x_wconf 89' lang='lat' dir='ltr'>optimo</span> 
     </span>
    </p>

    <p class='ocr_par' dir='ltr' id='par_1_5' title="bbox 69 1306 1079 1386">
     <span class='ocr_line' id='line_1_9' title="bbox 69 1306 1079 1386; baseline 0.009 -20"><span class='ocrx_word' id='word_1_50' title='bbox 69 1312 184 1372; x_wconf 82' lang='lat' dir='ltr'>&#39;remlit</span> <span class='ocrx_word' id='word_1_51' title='bbox 203 1312 314 1369; x_wconf 73' lang='lat' dir='ltr'>Thorius</span> <span class='ocrx_word' id='word_1_52' title='bbox 333 1318 462 1386; x_wconf 78' lang='lat' dir='ltr'>cmyerar</span> <span class='ocrx_word' id='word_1_53' title='bbox 487 1306 595 1384; x_wconf 85' lang='lat' dir='ltr'>noster,</span> <span class='ocrx_word' id='word_1_54' title='bbox 625 1312 791 1386; x_wconf 82' lang='lat' dir='ltr'>aliquorum</span> <span class='ocrx_word' id='word_1_55' title='bbox 815 1309 971 1374; x_wconf 86' lang='lat' dir='ltr'>hominum</span> <span class='ocrx_word' id='word_1_56' title='bbox 994 1313 1050 1380; x_wconf 85' lang='lat' dir='ltr'>ser·</span> <span class='ocrx_word' id='word_1_57' title='bbox 1076 1352 1079 1362; x_wconf 88' lang='lat'>·</span> 
     </span>
    </p>

    <p class='ocr_par' dir='ltr' id='par_1_6' title="bbox 55 1385 1109 2089">
     <span class='ocr_line' id='line_1_10' title="bbox 55 1385 1051 1468; baseline 0.005 -22"><span class='ocrx_word' id='word_1_58' title='bbox 55 1450 58 1458; x_wconf 69' lang='grc'><em>,</em></span> <span class='ocrx_word' id='word_1_59' title='bbox 85 1399 167 1448; x_wconf 87' lang='lat' dir='ltr'>mone</span> <span class='ocrx_word' id='word_1_60' title='bbox 184 1389 289 1450; x_wconf 74' lang='lat' dir='ltr'>saliam</span> <span class='ocrx_word' id='word_1_61' title='bbox 307 1385 363 1448; x_wconf 74' lang='lat' dir='ltr'>else</span> <span class='ocrx_word' id='word_1_62' title='bbox 381 1387 578 1448; x_wconf 85' lang='lat' dir='ltr'>offensionem.</span> <span class='ocrx_word' id='word_1_63' title='bbox 617 1390 662 1448; x_wconf 82' lang='lat' dir='ltr'>At</span> <span class='ocrx_word' id='word_1_64' title='bbox 674 1387 808 1466; x_wconf 82' lang='lat' dir='ltr'>quamvis</span> <span class='ocrx_word' id='word_1_65' title='bbox 825 1409 888 1450; x_wconf 88' lang='lat' dir='ltr'>non</span> <span class='ocrx_word' id='word_1_66' title='bbox 906 1391 1051 1468; x_wconf 70' lang='lat' dir='ltr'>ignorem</span> 
     </span>
     <span class='ocr_line' id='line_1_11' title="bbox 83 1463 1051 1548; baseline 0.005 -24"><span class='ocrx_word' id='word_1_67' title='bbox 83 1473 169 1542; x_wconf 71' lang='lat' dir='ltr'>quam</span> <span class='ocrx_word' id='word_1_68' title='bbox 182 1463 217 1526; x_wconf 88' lang='lat' dir='ltr'>lit</span> <span class='ocrx_word' id='word_1_69' title='bbox 243 1465 317 1526; x_wconf 87' lang='lat' dir='ltr'>mihi</span> <span class='ocrx_word' id='word_1_70' title='bbox 334 1467 380 1525; x_wconf 81' lang='lat' dir='ltr'>vel</span> <span class='ocrx_word' id='word_1_71' title='bbox 390 1465 517 1526; x_wconf 88' lang='lat' dir='ltr'>accusari</span> <span class='ocrx_word' id='word_1_72' title='bbox 584 1483 629 1538; x_wconf 87' lang='lat' dir='ltr'>ve,</span> <span class='ocrx_word' id='word_1_73' title='bbox 648 1463 784 1546; x_wconf 86' lang='lat' dir='ltr'>deprava</span> <span class='ocrx_word' id='word_1_74' title='bbox 800 1466 831 1528; x_wconf 71' lang='grc'>8(</span> <span class='ocrx_word' id='word_1_75' title='bbox 843 1468 974 1546; x_wconf 85' lang='lat' dir='ltr'>perversa</span> <span class='ocrx_word' id='word_1_76' title='bbox 986 1470 1051 1548; x_wconf 90' lang='lat' dir='ltr'>opi-</span> 
     </span>
     <span class='ocr_line' id='line_1_12' title="bbox 83 1541 1052 1682; baseline 0.003 -80"><span class='ocrx_word' id='word_1_77' title='bbox 83 1541 169 1603; x_wconf 88' lang='lat' dir='ltr'>nione</span> <span class='ocrx_word' id='word_1_78' title='bbox 186 1545 285 1605; x_wconf 87' lang='lat' dir='ltr'>multo</span> <span class='ocrx_word' id='word_1_79' title='bbox 297 1544 422 1622; x_wconf 69' lang='lat' dir='ltr'>gravius,</span> <span class='ocrx_word' id='word_1_80' title='bbox 441 1541 518 1682; x_wconf 68' lang='lat' dir='ltr'>apud</span> <span class='ocrx_word' id='word_1_81' title='bbox 562 1545 776 1604; x_wconf 82' lang='lat' dir='ltr'>ominationem</span> <span class='ocrx_word' id='word_1_82' title='bbox 784 1561 867 1606; x_wconf 88' lang='lat' dir='ltr'>tuam</span> <span class='ocrx_word' id='word_1_83' title='bbox 885 1547 974 1626; x_wconf 86' lang='lat' dir='ltr'>longe</span> <span class='ocrx_word' id='word_1_84' title='bbox 986 1565 1052 1624; x_wconf 82' lang='lat' dir='ltr'>gra-</span> 
     </span>
     <span class='ocr_line' id='line_1_13' title="bbox 81 1618 1046 1698; baseline 0.004 -18"><span class='ocrx_word' id='word_1_85' title='bbox 81 1618 239 1682; x_wconf 80' lang='lat' dir='ltr'>itil’o&#39;mum:</span> <span class='ocrx_word' id='word_1_86' title='bbox 259 1637 357 1681; x_wconf 90' lang='lat' dir='ltr'>tamen</span> <span class='ocrx_word' id='word_1_87' title='bbox 369 1641 437 1681; x_wconf 89' lang='lat' dir='ltr'>cum</span> <span class='ocrx_word' id='word_1_88' title='bbox 472 1623 547 1682; x_wconf 85' lang='lat' dir='ltr'>ciam</span> <span class='ocrx_word' id='word_1_89' title='bbox 560 1619 609 1682; x_wconf 80' lang='lat' dir='ltr'>har</span> <span class='ocrx_word' id='word_1_90' title='bbox 622 1619 692 1681; x_wconf 82' lang='lat' dir='ltr'>salso</span> <span class='ocrx_word' id='word_1_91' title='bbox 711 1621 746 1682; x_wconf 90' lang='lat' dir='ltr'>de</span> <span class='ocrx_word' id='word_1_92' title='bbox 756 1639 805 1682; x_wconf 87' lang='lat' dir='ltr'>me</span> <span class='ocrx_word' id='word_1_93' title='bbox 826 1623 940 1698; x_wconf 71' lang='lat' dir='ltr'>jastatas</span> <span class='ocrx_word' id='word_1_94' title='bbox 953 1643 1046 1684; x_wconf 85' lang='lat' dir='ltr'>voces·</span> 
     </span>
     <span class='ocr_line' id='line_1_14' title="bbox 79 1669 1109 1784; baseline 0.005 -27"><span class='ocrx_word' id='word_1_95' title='bbox 79 1696 230 1780; x_wconf 86' lang='lat' dir='ltr'>nonpolse</span> <span class='ocrx_word' id='word_1_96' title='bbox 250 1695 290 1760; x_wconf 88' lang='lat' dir='ltr'>src</span> <span class='ocrx_word' id='word_1_97' title='bbox 311 1698 497 1778; x_wconf 80' lang='lat' dir='ltr'>prudentiam</span> <span class='ocrx_word' id='word_1_98' title='bbox 519 1716 600 1759; x_wconf 88' lang='lat' dir='ltr'>tuam</span> <span class='ocrx_word' id='word_1_99' title='bbox 619 1717 772 1780; x_wconf 85' lang='lat' dir='ltr'>occupare,</span> <span class='ocrx_word' id='word_1_100' title='bbox 790 1702 865 1776; x_wconf 88' lang='lat' dir='ltr'>quin</span> <span class='ocrx_word' id='word_1_101' title='bbox 884 1703 951 1784; x_wconf 85' lang='lat' dir='ltr'>plus</span> <span class='ocrx_word' id='word_1_102' title='bbox 971 1669 1052 1782; x_wconf 82' lang='lat' dir='ltr'>apud</span> <span class='ocrx_word' id='word_1_103' title='bbox 1108 1707 1109 1710; x_wconf 74' lang='grc'>’</span> 
     </span>
     <span class='ocr_line' id='line_1_15' title="bbox 79 1775 1052 1860; baseline 0.003 -23"><span class='ocrx_word' id='word_1_104' title='bbox 79 1775 323 1838; x_wconf 86' lang='lat' dir='ltr'>Dominationem</span> <span class='ocrx_word' id='word_1_105' title='bbox 335 1795 419 1836; x_wconf 87' lang='lat' dir='ltr'>tuam</span> <span class='ocrx_word' id='word_1_106' title='bbox 431 1794 516 1852; x_wconf 84' lang='lat' dir='ltr'>aequo</span> <span class='ocrx_word' id='word_1_107' title='bbox 530 1775 559 1838; x_wconf 69' lang='lat' dir='ltr'>a</span> <span class='ocrx_word' id='word_1_108' title='bbox 572 1776 660 1850; x_wconf 87' lang='lat' dir='ltr'>bono,</span> <span class='ocrx_word' id='word_1_109' title='bbox 672 1795 759 1856; x_wconf 90' lang='lat' dir='ltr'>quarn</span> <span class='ocrx_word' id='word_1_110' title='bbox 771 1779 827 1838; x_wconf 90' lang='lat' dir='ltr'>ulli</span> <span class='ocrx_word' id='word_1_111' title='bbox 840 1779 972 1839; x_wconf 87' lang='lat' dir='ltr'>ullorum</span> <span class='ocrx_word' id='word_1_112' title='bbox 984 1777 1052 1860; x_wconf 54' lang='lat' dir='ltr'>per}</span> 
     </span>
     <span class='ocr_line' id='line_1_16' title="bbox 78 1853 1050 1933; baseline 0.005 -21"><span class='ocrx_word' id='word_1_113' title='bbox 78 1854 163 1914; x_wconf 86' lang='lat' dir='ltr'>verso</span> <span class='ocrx_word' id='word_1_114' title='bbox 183 1855 313 1915; x_wconf 87' lang='lat' dir='ltr'>sennoni</span> <span class='ocrx_word' id='word_1_115' title='bbox 335 1857 395 1914; x_wconf 88' lang='lat' dir='ltr'>loci</span> <span class='ocrx_word' id='word_1_116' title='bbox 417 1853 566 1932; x_wconf 86' lang='lat' dir='ltr'>reliquum</span> <span class='ocrx_word' id='word_1_117' title='bbox 578 1853 642 1913; x_wconf 56' lang='lat' dir='ltr'>‘srtr</span> <span class='ocrx_word' id='word_1_118' title='bbox 657 1873 717 1914; x_wconf 88' lang='lat' dir='ltr'>non</span> <span class='ocrx_word' id='word_1_119' title='bbox 740 1856 827 1915; x_wconf 84' lang='lat' dir='ltr'>credo</span> <span class='ocrx_word' id='word_1_120' title='bbox 840 1853 976 1933; x_wconf 82' lang='lat' dir='ltr'>equidem</span> <span class='ocrx_word' id='word_1_121' title='bbox 988 1853 1050 1917; x_wconf 84' lang='lat' dir='ltr'>taur¹</span> 
     </span>
     <span class='ocr_line' id='line_1_17' title="bbox 75 1927 1050 2012; baseline 0.006 -22"><span class='ocrx_word' id='word_1_122' title='bbox 75 1934 180 2010; x_wconf 81' lang='lat' dir='ltr'>gravia</span> <span class='ocrx_word' id='word_1_123' title='bbox 202 1931 377 2012; x_wconf 82' lang='lat' dir='ltr'>suspicionis</span> <span class='ocrx_word' id='word_1_124' title='bbox 399 1927 530 2009; x_wconf 82' lang='lat' dir='ltr'>vestigia,</span> <span class='ocrx_word' id='word_1_125' title='bbox 551 1931 668 1991; x_wconf 90' lang='lat' dir='ltr'>illorum</span> <span class='ocrx_word' id='word_1_126' title='bbox 690 1931 843 1993; x_wconf 90' lang='lat' dir='ltr'>hominum</span> <span class='ocrx_word' id='word_1_127' title='bbox 860 1953 991 1994; x_wconf 83' lang='lat' dir='ltr'>rumores</span> <span class='ocrx_word' id='word_1_128' title='bbox 1015 1929 1050 1996; x_wconf 82' lang='lat' dir='ltr'>iri</span> 
     </span>
     <span class='ocr_line' id='line_1_18' title="bbox 74 2005 1051 2089; baseline 0.004 -21"><span class='ocrx_word' id='word_1_129' title='bbox 74 2010 183 2089; x_wconf 77' lang='lat' dir='ltr'>animo</span> <span class='ocrx_word' id='word_1_130' title='bbox 201 2025 256 2069; x_wconf 88' lang='lat' dir='ltr'>tuo</span> <span class='ocrx_word' id='word_1_131' title='bbox 275 2005 429 2088; x_wconf 87' lang='lat' dir='ltr'>reliquisse,</span> <span class='ocrx_word' id='word_1_132' title='bbox 448 2010 523 2087; x_wconf 89' lang='lat' dir='ltr'>quin</span> <span class='ocrx_word' id='word_1_133' title='bbox 544 2027 576 2068; x_wconf 91' lang='lat' dir='ltr'>ea</span> <span class='ocrx_word' id='word_1_134' title='bbox 588 2009 686 2068; x_wconf 87' lang='lat' dir='ltr'>omnia</span> <span class='ocrx_word' id='word_1_135' title='bbox 698 2012 746 2069; x_wconf 88' lang='lat' dir='ltr'>vel</span> <span class='ocrx_word' id='word_1_136' title='bbox 759 2008 858 2072; x_wconf 79' lang='lat' dir='ltr'>caussae</span> <span class='ocrx_word' id='word_1_137' title='bbox 871 2031 941 2072; x_wconf 82' lang='lat' dir='ltr'>mee</span> <span class='ocrx_word' id='word_1_138' title='bbox 963 2014 1051 2072; x_wconf 90' lang='lat' dir='ltr'>inno-</span> 
     </span>
    </p>

    <p class='ocr_par' dir='ltr' id='par_1_7' title="bbox 1 2085 1228 3729">
     <span class='ocr_line' id='line_1_19' title="bbox 1 2085 1050 2164; baseline 0.005 -19"><span class='ocrx_word' id='word_1_139' title='bbox 1 2117 2 2164; x_wconf 70' lang='lat'>1</span> <span class='ocrx_word' id='word_1_140' title='bbox 73 2087 180 2146; x_wconf 87' lang='lat' dir='ltr'>centia</span> <span class='ocrx_word' id='word_1_141' title='bbox 203 2085 311 2160; x_wconf 85' lang='lat' dir='ltr'>debeat,</span> <span class='ocrx_word' id='word_1_142' title='bbox 329 2089 375 2148; x_wconf 81' lang='lat' dir='ltr'>rel</span> <span class='ocrx_word' id='word_1_143' title='bbox 387 2085 608 2148; x_wconf 84' lang='lat' dir='ltr'>Dominau&#39;onis</span> <span class='ocrx_word' id='word_1_144' title='bbox 619 2103 679 2146; x_wconf 74' lang='lat' dir='ltr'>tuo</span> <span class='ocrx_word' id='word_1_145' title='bbox 691 2087 808 2148; x_wconf 79' lang='lat' dir='ltr'>bonitas</span> <span class='ocrx_word' id='word_1_146' title='bbox 816 2087 890 2150; x_wconf 90' lang='lat' dir='ltr'>velit</span> <span class='ocrx_word' id='word_1_147' title='bbox 907 2087 1050 2150; x_wconf 77' lang='lat' dir='ltr'>facillime</span> 
     </span>
     <span class='ocr_line' id='line_1_20' title="bbox 72 2161 1228 2244; baseline 0.004 -21"><span class='ocrx_word' id='word_1_148' title='bbox 72 2161 252 2244; x_wconf 82' lang='lat' dir='ltr'>abstergere.</span> <span class='ocrx_word' id='word_1_149' title='bbox 290 2165 386 2226; x_wconf 80' lang='lat' dir='ltr'>Sires</span> <span class='ocrx_word' id='word_1_150' title='bbox 496 2165 575 2238; x_wconf 82' lang='lat' dir='ltr'>latet,</span> <span class='ocrx_word' id='word_1_151' title='bbox 605 2165 651 2224; x_wconf 89' lang='lat' dir='ltr'>vel</span> <span class='ocrx_word' id='word_1_152' title='bbox 673 2163 695 2224; x_wconf 87' lang='lat' dir='ltr'>sr</span> <span class='ocrx_word' id='word_1_153' title='bbox 714 2163 746 2225; x_wconf 94' lang='lat' dir='ltr'>id</span> <span class='ocrx_word' id='word_1_154' title='bbox 758 2162 964 2228; x_wconf 78' lang='lat' dir='ltr'>Domination&#39;i</span> <span class='ocrx_word' id='word_1_155' title='bbox 988 2185 1050 2228; x_wconf 72' lang='lat' dir='ltr'>tum</span> <span class='ocrx_word' id='word_1_156' title='bbox 1095 2232 1099 2240; x_wconf 68' lang='grc'><em>,</em></span> <span class='ocrx_word' id='word_1_157' title='bbox 1223 2222 1228 2242; x_wconf 90' lang='grc'>,</span> 
     </span>
     <span class='ocr_line' id='line_1_21' title="bbox 1 2239 1051 2324; baseline 0.006 -24"><span class='ocrx_word' id='word_1_158' title='bbox 1 2254 2 2312; x_wconf 63' lang='lat' dir='ltr'>l</span> <span class='ocrx_word' id='word_1_159' title='bbox 72 2244 292 2324; x_wconf 82' lang='lat' dir='ltr'>complacitum</span> <span class='ocrx_word' id='word_1_160' title='bbox 311 2241 351 2302; x_wconf 89' lang='lat' dir='ltr'>iri</span> <span class='ocrx_word' id='word_1_161' title='bbox 363 2243 411 2312; x_wconf 86' lang='lat' dir='ltr'>exi</span> <span class='ocrx_word' id='word_1_162' title='bbox 440 2243 573 2313; x_wconf 79' lang='lat' dir='ltr'>marem,</span> <span class='ocrx_word' id='word_1_163' title='bbox 592 2241 637 2301; x_wconf 90' lang='lat' dir='ltr'>illi</span> <span class='ocrx_word' id='word_1_164' title='bbox 650 2239 686 2301; x_wconf 94' lang='lat' dir='ltr'>de</span> <span class='ocrx_word' id='word_1_165' title='bbox 703 2261 752 2302; x_wconf 87' lang='lat' dir='ltr'>me</span> <span class='ocrx_word' id='word_1_166' title='bbox 764 2241 859 2322; x_wconf 87' lang='lat' dir='ltr'>sparso</span> <span class='ocrx_word' id='word_1_167' title='bbox 871 2245 982 2305; x_wconf 88' lang='lat' dir='ltr'>rumori</span> <span class='ocrx_word' id='word_1_168' title='bbox 1003 2245 1051 2320; x_wconf 60' lang='lat' dir='ltr'>ju*</span> 
     </span>
     <span class='ocr_line' id='line_1_22' title="bbox 73 2313 1049 2400; baseline 0.004 -21"><span class='ocrx_word' id='word_1_169' title='bbox 73 2313 229 2380; x_wconf 82' lang='lat' dir='ltr'>diciorum</span> <span class='ocrx_word' id='word_1_170' title='bbox 242 2319 410 2394; x_wconf 86' lang='lat' dir='ltr'>hominum,</span> <span class='ocrx_word' id='word_1_171' title='bbox 428 2321 483 2400; x_wconf 85' lang='lat' dir='ltr'>qui</span> <span class='ocrx_word' id='word_1_172' title='bbox 505 2319 538 2380; x_wconf 86' lang='lat' dir='ltr'>in</span> <span class='ocrx_word' id='word_1_173' title='bbox 554 2315 654 2379; x_wconf 74' lang='lat' dir='ltr'>‘nostro</span> <span class='ocrx_word' id='word_1_174' title='bbox 674 2323 779 2400; x_wconf 77' lang='lat' dir='ltr'>caslegio</span> <span class='ocrx_word' id='word_1_175' title='bbox 800 2317 868 2380; x_wconf 89' lang='lat' dir='ltr'>sunt</span> <span class='ocrx_word' id='word_1_176' title='bbox 880 2321 1049 2384; x_wconf 78' lang='lat' dir='ltr'>nonsolunr</span> 
     </span>
     <span class='ocr_line' id='line_1_23' title="bbox 73 2395 1051 2490; baseline 0.002 -32"><span class='ocrx_word' id='word_1_177' title='bbox 73 2395 268 2476; x_wconf 73' lang='lat' dir='ltr'>ungulorum</span> <span class='ocrx_word' id='word_1_178' title='bbox 279 2397 329 2458; x_wconf 88' lang='lat' dir='ltr'>sed</span> <span class='ocrx_word' id='word_1_179' title='bbox 347 2396 435 2458; x_wconf 85' lang='lat' dir='ltr'>etiam</span> <span class='ocrx_word' id='word_1_180' title='bbox 453 2397 641 2490; x_wconf 73' lang='lat' dir='ltr'>singulorum,</span> <span class='ocrx_word' id='word_1_181' title='bbox 660 2395 703 2456; x_wconf 87' lang='lat' dir='ltr'>de</span> <span class='ocrx_word' id='word_1_182' title='bbox 720 2417 770 2457; x_wconf 89' lang='lat' dir='ltr'>me</span> <span class='ocrx_word' id='word_1_183' title='bbox 780 2395 945 2459; x_wconf 85' lang='lat' dir='ltr'>testimonia</span> <span class='ocrx_word' id='word_1_184' title='bbox 956 2419 995 2479; x_wconf 92' lang='lat' dir='ltr'>op</span> <span class='ocrx_word' id='word_1_185' title='bbox 1016 2419 1051 2482; x_wconf 56' lang='grc' dir='ltr'>ος</span> 
     </span>
     <span class='ocr_line' id='line_1_24' title="bbox 74 2421 1051 2554; baseline 0.002 -19"><span class='ocrx_word' id='word_1_186' title='bbox 74 2493 185 2538; x_wconf 82' lang='lat' dir='ltr'>nerem.</span> <span class='ocrx_word' id='word_1_187' title='bbox 211 2475 294 2554; x_wconf 87' lang='lat' dir='ltr'>quod</span> <span class='ocrx_word' id='word_1_188' title='bbox 307 2495 369 2536; x_wconf 89' lang='lat' dir='ltr'>uon</span> <span class='ocrx_word' id='word_1_189' title='bbox 380 2471 434 2538; x_wconf 87' lang='lat' dir='ltr'>lim</span> <span class='ocrx_word' id='word_1_190' title='bbox 456 2473 617 2553; x_wconf 78' lang='lat' dir='ltr'>opiniosus,</span> <span class='ocrx_word' id='word_1_191' title='bbox 635 2475 681 2535; x_wconf 81' lang='lat' dir='ltr'>vel</span> <span class='ocrx_word' id='word_1_192' title='bbox 701 2475 840 2538; x_wconf 76' lang='lat' dir='ltr'>dovitatis</span> <span class='ocrx_word' id='word_1_193' title='bbox 852 2477 979 2552; x_wconf 78' lang='lat' dir='ltr'>alicuius</span> <span class='ocrx_word' id='word_1_194' title='bbox 991 2421 1051 2537; x_wconf 75' lang='lat' dir='ltr'>du·-</span> 
     </span>
     <span class='ocr_line' id='line_1_25' title="bbox 74 2549 1096 2634; baseline -0.008 -22"><span class='ocrx_word' id='word_1_195' title='bbox 74 2549 187 2627; x_wconf 83' lang='lat' dir='ltr'>diosus,</span> <span class='ocrx_word' id='word_1_196' title='bbox 205 2553 276 2634; x_wconf 77' lang='lat' dir='ltr'>ipsae</span> <span class='ocrx_word' id='word_1_197' title='bbox 300 2551 464 2614; x_wconf 83' lang='lat' dir='ltr'>studiorum</span> <span class='ocrx_word' id='word_1_198' title='bbox 475 2571 610 2613; x_wconf 79' lang='lat' dir='ltr'>meorum</span> <span class='ocrx_word' id='word_1_199' title='bbox 622 2552 757 2626; x_wconf 81' lang='lat' dir='ltr'>rationes,</span> <span class='ocrx_word' id='word_1_200' title='bbox 777 2553 810 2612; x_wconf 90' lang='lat' dir='ltr'>in</span> <span class='ocrx_word' id='word_1_201' title='bbox 822 2553 975 2630; x_wconf 64' lang='lat' dir='ltr'>Arrssotelr&#39;s,</span> <span class='ocrx_word' id='word_1_202' title='bbox 986 2555 1051 2610; x_wconf 83' lang='lat' dir='ltr'>Pla.</span> <span class='ocrx_word' id='word_1_203' title='bbox 1091 2575 1096 2586; x_wconf 95' lang='lat'><em>·</em></span> 
     </span>
     <span class='ocr_line' id='line_1_26' title="bbox 75 2629 1051 2710; baseline 0.01 -26"><span class='ocrx_word' id='word_1_204' title='bbox 75 2635 155 2704; x_wconf 75' lang='lat' dir='ltr'>trois,</span> <span class='ocrx_word' id='word_1_205' title='bbox 173 2635 307 2689; x_wconf 79' lang='lat' dir='ltr'>ciceronis</span> <span class='ocrx_word' id='word_1_206' title='bbox 315 2631 452 2704; x_wconf 78' lang='lat' dir='ltr'>leffione,</span> <span class='ocrx_word' id='word_1_207' title='bbox 474 2629 643 2710; x_wconf 87' lang='lat' dir='ltr'>quotidiana</span> <span class='ocrx_word' id='word_1_208' title='bbox 655 2649 718 2690; x_wconf 90' lang='lat' dir='ltr'>mea</span> <span class='ocrx_word' id='word_1_209' title='bbox 731 2629 942 2690; x_wconf 88' lang='lat' dir='ltr'>consuetudine</span> <span class='ocrx_word' id='word_1_210' title='bbox 954 2629 1051 2694; x_wconf 79' lang='lat' dir='ltr'>solum</span> 
     </span>
     <span class='ocr_line' id='line_1_27' title="bbox 77 2703 1051 2787; baseline 0.002 -20"><span class='ocrx_word' id='word_1_211' title='bbox 77 2718 231 2786; x_wconf 77' lang='lat' dir='ltr'>oooupnrae</span> <span class='ocrx_word' id='word_1_212' title='bbox 255 2707 412 2769; x_wconf 83' lang='lat' dir='ltr'>declarant.</span> <span class='ocrx_word' id='word_1_213' title='bbox 433 2703 553 2786; x_wconf 85' lang='lat' dir='ltr'>¹Quid,</span> <span class='ocrx_word' id='word_1_214' title='bbox 585 2707 664 2784; x_wconf 84' lang='lat' dir='ltr'>quod</span> <span class='ocrx_word' id='word_1_215' title='bbox 689 2707 777 2768; x_wconf 86' lang='lat' dir='ltr'>etiarn</span> <span class='ocrx_word' id='word_1_216' title='bbox 801 2723 916 2767; x_wconf 83' lang='lat' dir='ltr'>tanturn</span> <span class='ocrx_word' id='word_1_217' title='bbox 938 2705 1051 2787; x_wconf 84' lang='lat' dir='ltr'>semper</span> 
     </span>
     <span class='ocr_line' id='line_1_28' title="bbox 80 2782 1053 2858; baseline 0.003 -17"><span class='ocrx_word' id='word_1_218' title='bbox 80 2782 234 2847; x_wconf 81' lang='lat' dir='ltr'>abhorruit</span> <span class='ocrx_word' id='word_1_219' title='bbox 243 2787 362 2846; x_wconf 82' lang='lat' dir='ltr'>animur</span> <span class='ocrx_word' id='word_1_220' title='bbox 372 2805 457 2849; x_wconf 83' lang='lat' dir='ltr'>meus</span> <span class='ocrx_word' id='word_1_221' title='bbox 470 2785 505 2845; x_wconf 90' lang='lat' dir='ltr'>ab</span> <span class='ocrx_word' id='word_1_222' title='bbox 519 2785 658 2846; x_wconf 82' lang='lat' dir='ltr'>omnibus</span> <span class='ocrx_word' id='word_1_223' title='bbox 670 2783 740 2846; x_wconf 85' lang='lat' dir='ltr'>c&#39;um</span> <span class='ocrx_word' id='word_1_224' title='bbox 750 2787 860 2858; x_wconf 78' lang='lat' dir='ltr'>Anglice</span> <span class='ocrx_word' id='word_1_225' title='bbox 876 2802 941 2846; x_wconf 90' lang='lat' dir='ltr'>turn</span> <span class='ocrx_word' id='word_1_226' title='bbox 954 2791 1053 2844; x_wconf 79' lang='lat' dir='ltr'>Latine</span> 
     </span>
     <span class='ocr_line' id='line_1_29' title="bbox 11 2856 1135 2944; baseline 0.003 -24"><span class='ocrx_word' id='word_1_227' title='bbox 11 2856 13 2865; x_wconf 75' lang='lat'>&#39;</span> <span class='ocrx_word' id='word_1_228' title='bbox 81 2859 193 2940; x_wconf 80' lang='lat' dir='ltr'>seriptis</span> <span class='ocrx_word' id='word_1_229' title='bbox 215 2863 301 2926; x_wconf 81' lang='lat' dir='ltr'>libris</span> <span class='ocrx_word' id='word_1_230' title='bbox 341 2862 451 2942; x_wconf 82' lang='lat' dir='ltr'>quibus</span> <span class='ocrx_word' id='word_1_231' title='bbox 472 2881 548 2923; x_wconf 82' lang='lat' dir='ltr'>novt</span> <span class='ocrx_word' id='word_1_232' title='bbox 570 2864 667 2942; x_wconf 84' lang='lat' dir='ltr'>aliqua</span> <span class='ocrx_word' id='word_1_233' title='bbox 687 2865 893 2944; x_wconf 80' lang='lat' dir='ltr'>importaretur</span> <span class='ocrx_word' id='word_1_234' title='bbox 910 2862 1050 2940; x_wconf 72' lang='lat' dir='ltr'>dolirinr,</span> <span class='ocrx_word' id='word_1_235' title='bbox 1132 2901 1135 2905; x_wconf 92' lang='lat'><em>-</em></span> 
     </span>
     <span class='ocr_line' id='line_1_30' title="bbox 85 2941 1051 3022; baseline -0.002 -24"><span class='ocrx_word' id='word_1_236' title='bbox 85 2955 119 2998; x_wconf 86' lang='lat' dir='ltr'>ut</span> <span class='ocrx_word' id='word_1_237' title='bbox 129 2959 251 3022; x_wconf 84' lang='lat' dir='ltr'>excepto</span> <span class='ocrx_word' id='word_1_238' title='bbox 261 2947 284 2998; x_wconf 83' lang='lat' dir='ltr'>P</span> <span class='ocrx_word' id='word_1_239' title='bbox 296 2942 391 2998; x_wconf 73' lang='lat' dir='ltr'>alterio</span> <span class='ocrx_word' id='word_1_240' title='bbox 399 2944 521 2998; x_wconf 76' lang='lat' dir='ltr'>Doridis</span> <span class='ocrx_word' id='word_1_241' title='bbox 540 2941 568 3002; x_wconf 85' lang='lat' dir='ltr'>dt</span> <span class='ocrx_word' id='word_1_242' title='bbox 582 2945 655 3000; x_wconf 81' lang='lat' dir='ltr'>Nouo</span> <span class='ocrx_word' id='word_1_243' title='bbox 668 2941 829 3017; x_wconf 62' lang='lat' dir='ltr'>Testamenti,</span> <span class='ocrx_word' id='word_1_244' title='bbox 848 2960 943 3016; x_wconf 63' lang='lat' dir='ltr'>eoque</span> <span class='ocrx_word' id='word_1_245' title='bbox 956 2948 1051 3016; x_wconf 70' lang='lat' dir='ltr'>Gneo,</span> 
     </span>
     <span class='ocr_line' id='line_1_31' title="bbox 88 3003 1177 3096; baseline -0.006 -18"><span class='ocrx_word' id='word_1_246' title='bbox 88 3015 196 3078; x_wconf 84' lang='lat' dir='ltr'>nullum</span> <span class='ocrx_word' id='word_1_247' title='bbox 210 3019 248 3080; x_wconf 90' lang='lat' dir='ltr'>de</span> <span class='ocrx_word' id='word_1_248' title='bbox 266 3013 430 3079; x_wconf 74' lang='lat' dir='ltr'>Christiani</span> <span class='ocrx_word' id='word_1_249' title='bbox 441 3019 582 3096; x_wconf 80' lang='lat' dir='ltr'>religione</span> <span class='ocrx_word' id='word_1_250' title='bbox 594 3019 720 3091; x_wconf 77' lang='lat' dir='ltr'>librum,</span> <span class='ocrx_word' id='word_1_251' title='bbox 745 3003 791 3068; x_wconf 66' lang='lat' dir='ltr'>lli</span> <span class='ocrx_word' id='word_1_252' title='bbox 802 3013 894 3090; x_wconf 64' lang='lat' dir='ltr'>‘W’</span> <span class='ocrx_word' id='word_1_253' title='bbox 904 3005 950 3070; x_wconf 67' lang='lat' dir='ltr'>iss</span> <span class='ocrx_word' id='word_1_254' title='bbox 959 3011 1049 3093; x_wconf 66' lang='grc' dir='ltr'><strong><em>μίγη,</em></strong></span> <span class='ocrx_word' id='word_1_255' title='bbox 1169 3071 1177 3092; x_wconf 64' lang='grc'><strong>,</strong></span> 
     </span>
     <span class='ocr_line' id='line_1_32' title="bbox 89 3095 1050 3174; baseline 0.002 -20"><span class='ocrx_word' id='word_1_256' title='bbox 89 3107 119 3152; x_wconf 83' lang='lat' dir='ltr'>ut</span> <span class='ocrx_word' id='word_1_257' title='bbox 140 3095 236 3158; x_wconf 77' lang='lat' dir='ltr'>verbis</span> <span class='ocrx_word' id='word_1_258' title='bbox 262 3099 387 3154; x_wconf 81' lang='lat' dir='ltr'>Platonis</span> <span class='ocrx_word' id='word_1_259' title='bbox 414 3111 500 3170; x_wconf 87' lang='lat' dir='ltr'>utar,</span> <span class='ocrx_word' id='word_1_260' title='bbox 531 3113 681 3173; x_wconf 88' lang='lat' dir='ltr'>nunquam</span> <span class='ocrx_word' id='word_1_261' title='bbox 711 3095 916 3172; x_wconf 80' lang='lat' dir='ltr'>usurpaverim.</span> <span class='ocrx_word' id='word_1_262' title='bbox 967 3099 1050 3174; x_wconf 84' lang='lat' dir='ltr'>Qua-</span> 
     </span>
     <span class='ocr_line' id='line_1_33' title="bbox 86 3171 1051 3236; baseline 0.002 -6"><span class='ocrx_word' id='word_1_263' title='bbox 86 3171 209 3236; x_wconf 84' lang='lat' dir='ltr'>mobrem</span> <span class='ocrx_word' id='word_1_264' title='bbox 234 3171 417 3236; x_wconf 82' lang='lat' dir='ltr'>immensum</span> <span class='ocrx_word' id='word_1_265' title='bbox 432 3171 473 3234; x_wconf 81' lang='lat' dir='ltr'>¹in</span> <span class='ocrx_word' id='word_1_266' title='bbox 496 3174 617 3234; x_wconf 88' lang='lat' dir='ltr'>modum</span> <span class='ocrx_word' id='word_1_267' title='bbox 643 3171 882 3234; x_wconf 86' lang='lat' dir='ltr'>aDominatione</span> <span class='ocrx_word' id='word_1_268' title='bbox 904 3191 965 3234; x_wconf 70' lang='lat' dir='ltr'>tua,</span> <span class='ocrx_word' id='word_1_269' title='bbox 978 3193 1051 3232; x_wconf 89' lang='lat' dir='ltr'>con-</span> 
     </span>
     <span class='ocr_line' id='line_1_34' title="bbox 20 3245 1050 3339; baseline 0 -27"><span class='ocrx_word' id='word_1_270' title='bbox 20 3314 24 3339; x_wconf 55' lang='grc' dir='ltr'>Ι</span> <span class='ocrx_word' id='word_1_271' title='bbox 84 3249 175 3326; x_wconf 81' lang='lat' dir='ltr'>teudo,</span> <span class='ocrx_word' id='word_1_272' title='bbox 193 3269 231 3314; x_wconf 89' lang='lat' dir='ltr'>ut</span> <span class='ocrx_word' id='word_1_273' title='bbox 252 3251 365 3314; x_wconf 80' lang='lat' dir='ltr'>veteris</span> <span class='ocrx_word' id='word_1_274' title='bbox 376 3249 485 3310; x_wconf 77' lang='lat' dir='ltr'>tue-de</span> <span class='ocrx_word' id='word_1_275' title='bbox 496 3271 543 3311; x_wconf 90' lang='lat' dir='ltr'>me</span> <span class='ocrx_word' id='word_1_276' title='bbox 560 3248 790 3324; x_wconf 82' lang='lat' dir='ltr'>existimationis,</span> <span class='ocrx_word' id='word_1_277' title='bbox 804 3269 893 3328; x_wconf 82' lang='lat' dir='ltr'>quam</span> <span class='ocrx_word' id='word_1_278' title='bbox 908 3269 990 3310; x_wconf 82' lang='lat' dir='ltr'>novae</span> <span class='ocrx_word' id='word_1_279' title='bbox 1003 3245 1050 3312; x_wconf 83' lang='lat' dir='ltr'>ul-&#39;</span> 
     </span>
     <span class='ocr_line' id='line_1_35' title="bbox 20 3324 1051 3406; baseline 0.004 -21"><span class='ocrx_word' id='word_1_280' title='bbox 20 3344 24 3385; x_wconf 89' lang='lat'>:</span> <span class='ocrx_word' id='word_1_281' title='bbox 84 3327 171 3390; x_wconf 87' lang='lat' dir='ltr'>lorum</span> <span class='ocrx_word' id='word_1_282' title='bbox 183 3347 286 3392; x_wconf 82' lang='lat' dir='ltr'>contra</span> <span class='ocrx_word' id='word_1_283' title='bbox 296 3349 349 3390; x_wconf 87' lang='lat' dir='ltr'>me</span> <span class='ocrx_word' id='word_1_284' title='bbox 359 3327 514 3388; x_wconf 78' lang='lat' dir='ltr'>delationis</span> <span class='ocrx_word' id='word_1_285' title='bbox 526 3328 624 3388; x_wconf 85' lang='lat' dir='ltr'>cursus</span> <span class='ocrx_word' id='word_1_286' title='bbox 636 3328 756 3388; x_wconf 89' lang='lat' dir='ltr'>liberior</span> <span class='ocrx_word' id='word_1_287' title='bbox 765 3324 820 3387; x_wconf 84' lang='lat' dir='ltr'>else</span> <span class='ocrx_word' id='word_1_288' title='bbox 831 3327 922 3406; x_wconf 89' lang='lat' dir='ltr'>possit.</span> <span class='ocrx_word' id='word_1_289' title='bbox 954 3328 1051 3406; x_wconf 85' lang='lat' dir='ltr'>Quod</span> 
     </span>
     <span class='ocr_line' id='line_1_36' title="bbox 84 3403 1048 3484; baseline 0 -18"><span class='ocrx_word' id='word_1_290' title='bbox 84 3403 263 3482; x_wconf 76' lang='lat' dir='ltr'>beneficium,</span> <span class='ocrx_word' id='word_1_291' title='bbox 283 3407 305 3466; x_wconf 88' lang='lat' dir='ltr'>li</span> <span class='ocrx_word' id='word_1_292' title='bbox 327 3405 452 3484; x_wconf 80' lang='lat' dir='ltr'>reliquis</span> <span class='ocrx_word' id='word_1_293' title='bbox 468 3407 528 3466; x_wconf 83' lang='lat' dir='ltr'>tuis</span> <span class='ocrx_word' id='word_1_294' title='bbox 547 3403 775 3465; x_wconf 75' lang='lat' dir='ltr'>cumulatissimis</span> <span class='ocrx_word' id='word_1_295' title='bbox 794 3405 956 3483; x_wconf 81' lang='lat' dir='ltr'>adjiciatur,</span> <span class='ocrx_word' id='word_1_296' title='bbox 981 3406 1048 3466; x_wconf 84' lang='lat' dir='ltr'>Deo</span> 
     </span>
     <span class='ocr_line' id='line_1_37' title="bbox 20 3481 1108 3563; baseline 0 -18"><span class='ocrx_word' id='word_1_297' title='bbox 20 3512 26 3545; x_wconf 81' lang='lat' dir='ltr'>r</span> <span class='ocrx_word' id='word_1_298' title='bbox 84 3484 237 3562; x_wconf 80' lang='lat' dir='ltr'>adjuvante,</span> <span class='ocrx_word' id='word_1_299' title='bbox 258 3481 426 3563; x_wconf 84' lang='lat' dir='ltr'>perficiam,</span> <span class='ocrx_word' id='word_1_300' title='bbox 445 3499 480 3544; x_wconf 87' lang='lat' dir='ltr'>ut</span> <span class='ocrx_word' id='word_1_301' title='bbox 501 3501 555 3543; x_wconf 86' lang='lat' dir='ltr'>nec</span> <span class='ocrx_word' id='word_1_302' title='bbox 579 3502 642 3542; x_wconf 88' lang='lat' dir='ltr'>mea</span> <span class='ocrx_word' id='word_1_303' title='bbox 660 3481 949 3544; x_wconf 86' lang='lat' dir='ltr'>&#39;inDomimtionem</span> <span class='ocrx_word' id='word_1_304' title='bbox 966 3497 1047 3546; x_wconf 83' lang='lat' dir='ltr'>mam</span> <span class='ocrx_word' id='word_1_305' title='bbox 1100 3489 1108 3497; x_wconf 87' lang='lat'>&#39;</span> 
     </span>
     <span class='ocr_line' id='line_1_38' title="bbox 19 3552 1048 3642; baseline 0.003 -25"><span class='ocrx_word' id='word_1_306' title='bbox 19 3552 24 3617; x_wconf 71' lang='lat' dir='ltr'>J</span> <span class='ocrx_word' id='word_1_307' title='bbox 82 3563 263 3637; x_wconf 79' lang='lat' dir='ltr'>observantia,</span> <span class='ocrx_word' id='word_1_308' title='bbox 287 3566 324 3624; x_wconf 91' lang='lat' dir='ltr'>in</span> <span class='ocrx_word' id='word_1_309' title='bbox 345 3562 447 3620; x_wconf 85' lang='lat' dir='ltr'>literas</span> <span class='ocrx_word' id='word_1_310' title='bbox 460 3559 621 3640; x_wconf 81' lang='lat' dir='ltr'>diligentia,</span> <span class='ocrx_word' id='word_1_311' title='bbox 640 3579 694 3620; x_wconf 86' lang='lat' dir='ltr'>nec</span> <span class='ocrx_word' id='word_1_312' title='bbox 711 3563 743 3620; x_wconf 92' lang='lat' dir='ltr'>in</span> <span class='ocrx_word' id='word_1_313' title='bbox 764 3561 938 3642; x_wconf 85' lang='lat' dir='ltr'>religionem</span> <span class='ocrx_word' id='word_1_314' title='bbox 959 3559 1048 3620; x_wconf 85' lang='lat' dir='ltr'>lince-</span> 
     </span>
     <span class='ocr_line' id='line_1_39' title="bbox 18 3635 1048 3729; baseline -0.017 -25"><span class='ocrx_word' id='word_1_315' title='bbox 18 3694 23 3709; x_wconf 92' lang='lat'>.</span> <span class='ocrx_word' id='word_1_316' title='bbox 81 3645 297 3729; x_wconf 68' lang='lat' dir='ltr'>nonunquam</span> <span class='ocrx_word' id='word_1_317' title='bbox 315 3635 504 3702; x_wconf 79' lang='lat' dir='ltr'>desideretur.</span> <span class='ocrx_word' id='word_1_318' title='bbox 541 3637 623 3699; x_wconf 81' lang='lat' dir='ltr'>Duas</span> <span class='ocrx_word' id='word_1_319' title='bbox 636 3637 783 3698; x_wconf 83' lang='lat' dir='ltr'>Homiliar</span> <span class='ocrx_word' id='word_1_320' title='bbox 795 3645 829 3698; x_wconf 85' lang='lat' dir='ltr'>D.</span> <span class='ocrx_word' id='word_1_321' title='bbox 839 3643 949 3705; x_wconf 62' lang='lat' dir='ltr'>§loannis</span> <span class='ocrx_word' id='word_1_322' title='bbox 966 3639 1048 3711; x_wconf 69' lang='lat' dir='ltr'>clary.</span> 
     </span>
    </p>
   </div>
   <div class='ocr_carea' id='block_1_4' title="bbox 75 3712 1048 3849">
    <p class='ocr_par' dir='ltr' id='par_1_8' title="bbox 75 3712 1048 3849">
     <span class='ocr_line' id='line_1_40' title="bbox 75 3712 1046 3849; baseline -0.015 -62"><span class='ocrx_word' id='word_1_323' title='bbox 75 3717 163 3802; x_wconf 70' lang='lat' dir='ltr'>solumi</span> <span class='ocrx_word' id='word_1_324' title='bbox 181 3718 513 3790; x_wconf 64' lang='lat' dir='ltr'>caracciolorum,</span> <span class='ocrx_word' id='word_1_325' title='bbox 531 3735 617 3799; x_wconf 86' lang='lat' dir='ltr'>opera</span> <span class='ocrx_word' id='word_1_326' title='bbox 638 3720 749 3782; x_wconf 77' lang='lat' dir='ltr'>Joanm‘s</span> <span class='ocrx_word' id='word_1_327' title='bbox 770 3717 847 3775; x_wconf 76' lang='lat' dir='ltr'>Cleri</span> <span class='ocrx_word' id='word_1_328' title='bbox 868 3712 967 3786; x_wconf 85' lang='lat' dir='ltr'>nostri,</span> <span class='ocrx_word' id='word_1_329' title='bbox 987 3715 1046 3849; x_wconf 49' lang='grc' dir='ltr'>Ἐπὶ</span> 
     </span>
     <span class='ocr_line' id='line_1_41' title="bbox 1016 3811 1048 3848; baseline -0.063 0"><span class='ocrx_word' id='word_1_330' title='bbox 1016 3811 1048 3848; x_wconf 79' lang='lat' dir='ltr'>si·</span> 
     </span>
    </p>
   </div>
   <div class='ocr_carea' id='block_1_5' title="bbox 0 0 1326 4466">
    <p class='ocr_par' dir='ltr' id='par_1_9' title="bbox 0 0 1326 4466">
     <span class='ocr_line' id='line_1_42' title="bbox 0 0 1326 4466; baseline 0 2"><span class='ocrx_word' id='word_1_331' title='bbox 0 0 1326 4466; x_wconf 95' lang='lat' dir='ltr'> </span> 
     </span>
    </p>
   </div>
  </div>
 </body>
</html>
