2606 4454
266 277 359 364 ¹70
428 251 765 334 lussonrum
802 244 1086 334 Vrnonuu

261 422 340 509 ris,
373 438 504 524 neque
523 412 615 497 Deo
632 430 700 496 aut
711 432 859 497 naturae
877 409 1167 499 obludlandum
1186 421 1264 506 effe

260 576 389 669 putes.
456 549 632 660 Qoties
650 547 751 633 alios
767 550 991 636 consolatus
1007 578 1074 644 es,
1111 552 1156 637 id
1171 560 1257 642 orbi

261 711 416 776 norum
435 696 475 770 &
499 688 644 802 seripta
668 711 735 772 tua
761 688 851 774 satis
874 689 1069 802 superque
1086 689 1252 788 docent;

259 827 341 938 jam
357 825 489 910 nullus
505 825 670 917 dubito,
706 827 805 936 quin
821 827 870 914 ad
884 807 1031 912 malum
1042 827 1255 923 hocnmm,

257 963 366 1050 idem
376 965 631 1077 pharmacum
651 960 853 1058 adhibeas,
873 964 1135 1079 doloremque
1144 991 1257 1052 tuum

135 1150 139 1159 ·
259 1101 403 1202 eodem
421 1100 650 1188 leniendum
667 1098 858 1187 effescias.
925 1099 1043 1188 Nolo
1060 1127 1256 1200 tamense,

261 1243 319 1324 mi
337 1237 508 1331 Barlaee,
544 1239 722 1324 Stoicum
742 1237 808 1321 hic
825 1239 1255 1353 ageremequeimpas·

260 1377 485 1464 fibilitatem
513 1397 579 1464 aut
597 1375 859 1460 indolentiam
884 1375 994 1464 illam
1012 1401 1194 1464 veterum
1210 1383 1257 1462 ti-

260 1516 302 1598 bi
321 1541 571 1626 proponere,
592 1541 710 1626 quam
730 1516 865 1612 animo
874 1515 1043 1628 imperes
1054 1537 1142 1610 tuo;
1180 1519 1255 1602 ho

260 1653 387 1735 mines
396 1651 505 1735 enim
520 1649 671 1744 sumus,
703 1653 777 1760 ¹qui
796 1655 851 1736 ob
867 1651 1109 1739 amiffionem
1125 1683 1255 1740 rerum

261 1787 620 1900 pretiosrssimarum
641 1835 654 1877 ,
698 1787 845 1876 nedum
863 1789 1039 1901 persona
1058 1813 1139 1877 tam
1158 1822 1255 1879 con·

258 1922 403 2034 jundiae
413 1976 426 2020 ‚
443 1927 585 2010 merito
603 1923 794 2016 afficimur
813 1949 932 2038 atque
950 1926 1149 2012 dolemus:
1188 1959 1251 2015 ve-

259 2090 348 2146 rum
374 2062 552 2149 adhibita
578 2064 743 2150 rationis
771 2094 938 2157 norma,
981 2063 1056 2148 illo
1083 2064 1250 2153 adfectui

259 2199 416 2284 frenum
434 2228 524 2282 cum
542 2222 723 2312 tempore
740 2201 925 2310 injicere,
961 2209 1001 2286 δι
1019 2227 1248 2318 cenceptum

261 2337 384 2420 animi
402 2335 584 2424 dolorem
609 2339 881 2452 egritudinem
903 2369 949 2425 ea
970 2337 1126 2446 lenire3
1163 2367 1251 2425 cum

261 2473 365 2557 nihil
384 2476 502 2560 vobis
517 2475 597 2584 jam
615 2475 821 2570 acciderit,
857 2477 969 2590 quod
986 2505 1072 2560 non
1091 2479 1251 2562 cuilibet

259 2613 418 2697 evenire
438 2615 619 2722 quotidie
635 2613 859 2709 videamus,
895 2619 1012 2699 imos
1031 2641 1116 2726 quo
1133 2641 1249 2700 nemo

261 2749 488 2833 mortalium
507 2777 683 2841 exemtus
709 2753 767 2837 srt.
848 2753 1059 2858 Nascendo
1074 2760 1248 2839 monim

261 2882 344 2976 &a

277 3025 282 3032 '
327 3025 574 3112 Inevitabilis
592 3027 788 3110 moriendi
808 3026 994 3113 omnibus
1012 3025 1118 3120 Lex,
1138 3028 1246 3111 omni

261 3165 365 3245 aetati
383 3165 578 3254 adhaeret,
615 3172 655 3246 δε
672 3163 781 3275 quod
797 3165 1045 3276 summopere
1055 3161 1250 3272 ‚corsolari

259 3326 336 3382 nos
368 3298 519 3395 debet,
561 3330 645 3386 non
680 3323 761 3386 tam
785 3306 977 3388 morimur
1002 3301 1244 3391 Christiani,

259 3464 378 3548 quam
394 3467 482 3524 cum
497 3440 662 3525 meliore
678 3443 781 3533 vita,
818 3469 890 3551 per
907 3444 1047 3525 mortis
1062 3463 1239 3528 commer-

257 3580 384 3666 cium,
420 3579 522 3664 hanc
539 3579 748 3693 fragilem,
786 3588 826 3662 ὃ(
845 3577 1018 3708 infinitis
1030 3581 1236 3664 inconmo-

1145 3710 1238 3796 dita·
