2644 4466
287 261 338 334 92
381 233 599 316 nouum
624 233 876 317 nscnnur
898 231 1067 311 urrrr.
1089 231 1211 312 rau.
1296 207 1310 247 ·’

213 410 223 429 .,
288 356 432 419 dolorem.
462 369 498 418 ut
528 356 682 418 communi
713 355 879 418 concordiae
899 354 1022 428 demur,
1051 372 1087 418 ut
1109 355 1206 417 literis
1233 352 1270 418 dt

289 455 397 514 magno
415 433 469 497 illi
493 433 581 492 cloaca*
596 433 788 508 remittamus,
818 450 854 496 ut
867 429 982 495 Christo
1000 429 1073 508 Jesu
1090 429 1147 493 boc
1163 449 1269 496 tunam

288 511 436 592 quicquid
450 511 493 584 lit,
513 509 715 572 condonemus
720 537 730 586 ;
745 508 872 574 nostram
884 519 982 573 tamen
994 505 1184 574 suavissimam
1192 513 1268 572 vita

289 589 537 659 consuetudinem
547 589 588 651 ita
599 587 746 668 proditam
763 590 794 652 δι
808 587 970 651 distractam
994 585 1060 664 elle,
1091 587 1167 650 haud
1179 587 1269 650 secus

290 669 356 730 fero
377 663 554 747 quotiesde
574 686 607 726 ea
629 667 740 746 cogito,
771 670 861 729 toties
882 683 980 729 autem
1003 666 1105 746 cogito
1130 665 1269 746 quando-

290 762 411 822 cunque
428 763 457 806 te
476 745 508 804 in
521 743 663 806 cubiculo
678 765 754 820 meo,
772 747 805 808 in
818 745 896 820 cibo,
914 745 946 806 in
960 744 1218 818 ambulationibus,
1229 743 1269 806 in
1306 737 1315 762 ⁶

291 821 399 886 studiis
408 821 481 885 meis
490 841 551 882 non
563 819 660 897 video,
679 841 768 900 quam
778 822 821 886 hii
832 823 966 884 homines
975 823 1100 895 faciunt,
1112 821 1165 901 qui
1198 841 1269 884 ravo
1297 859 1305 879 t

290 900 412 980 aliquod
423 899 629 962 vadnusfaciei
640 899 796 978 inflictum,
816 903 846 963 δι
858 902 1000 974 eminens,
1009 901 1044 963 ab
1058 900 1173 962 inimici
1197 901 1268 962 tntis

289 975 1269 1058 occeptum,cicatricenullanisrdefonniliimaobducendumidtn-

289 1057 385 1118 tidem
397 1058 430 1118 in
442 1056 560 1137 speculo
573 1059 765 1134 contemplari
776 1057 879 1118 solent.
918 1057 983 1119 Nec
995 1057 1103 1117 vulnus
1115 1073 1195 1117 certe
1207 1055 1269 1118 ulli

290 1136 387 1196 ullum
402 1133 535 1195 humano
555 1133 687 1196 societati
704 1137 820 1214 gravius
831 1137 872 1196 im
914 1135 946 1194 ni
958 1131 1060 1214 potest,
1080 1151 1170 1213 quarn
1179 1133 1269 1196 abeo

291 1211 422 1286 abstrahi,
441 1232 530 1289 quem
552 1211 586 1273 in
602 1215 684 1274 omni
701 1214 848 1292 pietatiso
870 1211 1123 1284 *ciocariisunurm
1143 1231 1269 1273 motum

289 1289 433 1352 suavitate
452 1289 727 1369 conjuntljffimun,
746 1291 887 1369 obsequio
900 1291 1059 1370 pupilium,
1077 1289 1202 1350 consilio
1215 1309 1269 1352 ve·

275 1369 349 1430 'luti
371 1383 501 1429 tiatorem
523 1368 669 1444 quendam
686 1367 799 1448 semper
816 1369 919 1432 habere
935 1369 1063 1429 licuerit.
1102 1367 1169 1444 Qui
1181 1386 1267 1446 ergo,

289 1461 321 1511 te
333 1445 406 1506 mihi
416 1443 603 1522 abstulerunt,
617 1447 660 1506 mi
671 1449 812 1518 Grindade
835 1467 896 1507 non
908 1445 1037 1520 divitias,
1048 1441 1098 1506 sod
1111 1443 1206 1526 ipsam
1218 1446 1269 1506 vi·

222 1571 227 1580 .
289 1539 328 1584 tae
350 1543 423 1584 meo
447 1523 571 1583 animam
592 1521 744 1584 exhausisse
762 1524 909 1586 videntur.
950 1523 1089 1598 Quorum
1102 1541 1190 1602 opera
1209 1524 1269 1584 cla-

290 1601 427 1662 boratum
452 1598 502 1676 est,
528 1616 564 1661 ut
586 1599 742 1662 necessario
767 1601 803 1662 ad
825 1623 857 1662 ea
879 1601 1006 1664 remedia
1029 1603 1148 1679 compin
1219 1620 1267 1674 ur,

290 1696 357 1756 quae
370 1697 406 1740 ut
416 1677 484 1739 sunt
495 1695 621 1738 extrema
633 1680 665 1738 in
676 1679 814 1752 amicitia,
833 1681 874 1740 ita
884 1682 929 1740 vel
940 1699 1038 1743 rarum
1046 1680 1092 1738 vel
1102 1680 1141 1740 ob
1155 1699 1267 1744 curum

290 1757 406 1832 semper
414 1755 622 1818 consolationis
632 1757 767 1834 ‘levamen
780 1757 881 1818 afferre
893 1757 1001 1819 solent:
1023 1757 1051 1818 δι
1064 1775 1129 1832 quae
1151 1774 1266 1834 partam

290 1835 453 1894 amicitiam
465 1835 552 1908 tueri,
569 1854 631 1894 non
655 1850 783 1896 veterem
811 1838 933 1897 cumtalo
954 1837 1051 1912 aliquo
1064 1835 1094 1896 dr
1107 1832 1266 1899 accessione

292 1929 399 1990 augere
420 1909 545 1990 poliunt.
570 1912 754 1988 literasdico,
774 1931 899 1990 quarum
917 1913 1074 1974 crebritate
1093 1933 1154 1973 non
1166 1911 1266 1976 solunt

235 2041 238 2060 ,
291 1989 445 2067 utriusque
467 1986 599 2050 nostrum
622 1989 747 2051 absentis
760 1990 933 2051 desiderium
945 1989 1072 2063 deliniri,
1091 1989 1140 2049 sed
1155 1991 1266 2052 notitia

291 2064 388 2132 nostra
407 2065 542 2128 bastenus
553 2065 664 2146 semper
680 2071 793 2130 mutuis
814 2067 929 2142 officiis,
943 2070 1032 2141 culta,
1048 2065 1220 2130 saeuissime
1233 2069 1267 2132 dt

293 2143 471 2218 confirmata,
480 2161 632 2224 utcunque
641 2147 787 2206 contineri
801 2143 904 2224 potest.
933 2146 1016 2207 Dum
1027 2145 1088 2206 haec
1097 2145 1206 2220 scribo,
1219 2145 1267 2208 nai

292 2222 427 2282 Grindade
437 2239 580 2299 quantum
591 2225 738 2302 angorvel
748 2221 904 2297 stomacho,
914 2239 1033 2303 propter
1044 2222 1203 2284 bominum
1219 2224 1268 2285 in·

292 2295 485 2376 dignitatem:
499 2299 546 2359 vel
553 2304 686 2362 moeroris
695 2303 857 2376 acerbitate,
866 2319 985 2380 propter
996 2300 1120 2363 absentis
1132 2302 1178 2362 tui
1192 2301 1267 2363 desi·

292 2373 424 2436 derium:
436 2377 543 2438 melius
554 2395 589 2438 ru
602 2381 790 2457 cogitatione,
797 2397 884 2458 quana
894 2397 949 2456 ego
957 2378 1108 2460 scriptura,
1119 2380 1267 2459 colligere

291 2465 389 2532 potes:
410 2453 498 2534 ab‚ea
517 2474 548 2515 re
562 2456 655 2532 igitur
672 2458 823 2536 paululum
846 2456 986 2518 abducere
998 2477 1045 2517 nae
1059 2455 1157 2535 ipsum
1178 2459 1265 2533 volo,

293 2530 422 2604 urscias,
441 2530 576 2607 quidlric
600 2553 699 2594 renim
725 2550 849 2611 geratur.
888 2540 1009 2592 craterus
1031 2535 1061 2595 δι
1084 2553 1139 2611 ego
1154 2537 1185 2594 in
1211 2556 1268 2598 cu·

292 2607 393 2668 bicula
414 2607 517 2681 nostra,
536 2609 565 2670 &
589 2612 609 2671 si
623 2613 669 2674 vis
692 2614 724 2671 in
737 2611 831 2671 studia
846 2610 939 2673 nostra
951 2613 984 2672 in
997 2612 1124 2690 singulos
1137 2611 1202 2675 dies
1214 2613 1268 2678 ab·

291 2683 411 2757 dimus,
441 2703 471 2745 te
496 2703 649 2765 optamus,
682 2686 921 2763 jucundillimunt
949 2687 1169 2752 consuetudinis
1202 2708 1268 2754 tuo

293 2760 634 2848 flubiumldefideramus.
672 2765 771 2844 Desunt
783 2770 896 2846 reliqua.

610 3107 819 3190 EPIST.
867 3113 943 3188 XX.

653 3303 899 3382 EIDEM.

299 3466 482 3623 §ALVE
509 3477 538 3546 δι
561 3480 623 3540 vale
648 3479 786 3544 carissime
804 3486 945 3546 Grindaua.
985 3483 1056 3548 Hoc
1082 3487 1203 3550 exordio
1225 3490 1270 3553 li-

295 3566 320 3619 ιΔ
370 3551 471 3616 bentcr·
481 3573 558 3626 utor,
579 3559 718 3633 quoniam
729 3561 791 3620 fere
803 3559 878 3621 nihil
890 3563 1018 3644 suppetit
1033 3565 1112 3640 quod
1126 3583 1267 3633 attexam.

292 3626 379 3718 Potes
401 3649 452 3709 per
464 3637 603 3691 Pudaenum
616 3635 745 3695 nostrum
765 3638 839 3700 bene
852 3640 956 3701 &tute
976 3642 1101 3703 scribere
1114 3646 1269 3722 quicquid

290 3723 346 3782 vas,
379 3707 409 3770 δι
431 3711 464 3771 in
490 3711 603 3792 primis,
632 3713 777 3796 ecquidnc
803 3717 913 3796 placcat
937 3718 992 3782 tibi
1004 3721 1053 3782 illa
1066 3721 1187 3784 vivendi
1202 3725 1268 3814 via,

1224 3824 1265 3866 m
