2606 4454
20 215 22 294 i
285 280 381 399 ¹158
454 273 1113 362 Intremuitilneonuir

355 437 459 524 Haec
475 435 871 552 fuganullafugaest.
909 431 1248 553 cumtatiotteftgit

20 613 22 666 ;
286 579 508 680 Dicitevos
524 575 689 690 fugiffe,
724 575 831 662 mali.
863 605 950 664 non
966 576 1082 696 fitgit.
1115 577 1219 664 abivit

141 704 145 714 ’
355 717 459 802 Haec
478 712 606 800 solum
623 715 793 828 speciem
808 742 871 801 res
887 713 1079 831 fugientis
1094 714 1203 800 habet.
1274 745 1275 748 ‘

286 858 354 946 Sic
372 853 751 972 fugere,estviciffe.
786 853 987 968 fugamne
1003 853 1148 941 credite
1164 853 1249 946 citur
1275 969 1277 992 ι

358 995 463 1107 Qae
481 991 559 1075 fuit
575 995 728 1104 accepti
745 996 887 1077 nuntia
905 1014 1012 1080 certa
1032 994 1140 1079 boni·
1276 999 1277 1044 ³

289 1133 443 1247 Saepius
456 1129 538 1215 hoc
556 1130 677 1216 titulo
687 1128 829 1245 fugiat,
841 1129 965 1216 modo
975 1129 1249 1224 subleveturbtt

357 1275 412 1356 Et
429 1270 620 1383 patriam,
632 1270 789 1380 populo
799 1264 891 1364 falsa
900 1268 1115 1383 loquente,
1122 1267 1223 1378 juvet.

291 1413 349 1498 At
367 1437 448 1495 vox
458 1405 575 1496 dura,
595 1403 730 1519 Fugit.
764 1407 812 1490 sit
828 1434 909 1490 vox
926 1386 1230 1499 duriffimastor'

358 1540 599 1633 Dummodo
615 1543 804 1655 praedurae
822 1544 872 1630 sit
883 1571 1017 1631 comes
1035 1545 1121 1658 ipfi
1135 1543 1223 1634 filus.

280 1688 357 1775 'Sic
365 1686 525 1801 fugiens
534 1681 722 1769 Romana
731 1679 844 1799 fugat
854 1704 944 1768 trux
952 1681 1253 1798 agminafarrhur

229 1908 231 1916 .
362 1826 428 1910 Sic
442 1820 589 1907 Fabius
605 1809 709 1906 duro
725 1823 893 1908 nomine
909 1823 1042 1910 vietor
1061 1824 1151 1910 abit.

289 1960 399 2048 Dum
418 1957 576 2077 populo
592 1960 820 2072 Romaeque
834 1959 910 2045 suae
929 1960 1153 2048 Cunttator
1166 1957 1252 2047 habt

476 2119 565 2190 tur,

1272 531 1275 580 t

360 2233 475 2327 Hos,
487 2234 608 2321 ritulo
628 2237 810 2348 quamvis
828 2229 1053 2334 deteriore,
1067 2238 1182 2349 juvat.

289 2373 358 2462 Sic
372 2373 510 2458 vixiffe
526 2378 631 2460 mori
643 2376 723 2474 est;
759 2375 811 2459 fic
831 2377 1064 2487 aegrotass'e,
1097 2377 1228 2464 salubre

360 2511 542 2605 Dicitur,
579 2512 805 2600 &Veneris
821 2510 947 2596 dulcis
963 2518 1170 2604 amarities.

290 2649 333 2736 Si
354 2649 544 2735 damnant
562 2679 650 2737 mee
668 2655 787 2738 verba
806 2650 962 2745 Duces,
980 2653 1181 2743 stdamnrt
1193 2644 1256 2736 Ibe

474 2816 561 2884 rus,

248 3039 250 3042 Ι
360 2927 552 3012 Auriacus
567 2927 688 3012 nescit
704 2926 920 3023 schemata,
955 2931 1081 3019 nescit
1094 2933 1186 3019 Iber·

292 3059 371 3151 Sed
387 3063 482 3148 dum
494 3064 621 3152 Bredt
637 3067 758 3163 alius,
793 3066 911 3153 Most
925 3095 1068 3160 movet
1085 3059 1258 3159 alterabit·

473 3233 575 3316 que>

358 3335 564 3432 Bellorum
580 3345 721 3433 melius
739 3345 985 3462 perdidicete
1000 3345 1176 3464 Tropot·
1251 3439 1254 3448 .

698 3491 703 3502 ’
1163 3533 1260 3633 et.

1131 3673 1263 3842 coi-
