2684 4476
285 223 551 305 noctur
582 223 902 306 rattruut.
1048 259 1092 328 ,ς

7 347 8 350 ’
75 341 274 427 maierapud
287 349 446 418 cimela,
485 363 556 408 uam
569 348 702 422 proxime
715 365 813 410 tamen
826 345 1088 430 aspicere,&alpi·

77 445 144 487 rare
167 426 257 488 omni
281 420 383 485 studio
405 423 437 484 dr
458 360 616 500 diligentia
627 423 668 486 est
681 425 898 514 elaborandum.
940 427 1006 500 Qua
1020 447 1088 503 pro-

80 502 167 566 retro
189 503 373 579 eloquentia,
392 516 594 578 preterquam
615 503 695 579 quod
716 503 792 564 nihil
812 524 880 564 eum
895 501 993 564 bestiis
1005 525 1087 564 com·

81 599 186 642 mne
206 579 319 653 habet,
336 577 386 640 scd
411 594 475 640 tota
499 600 538 641 ex
557 578 616 656 ipsa
629 579 786 642 divinitate
797 580 895 642 hausta
909 583 939 644 ἃ
951 583 1085 656 delibata,

7 661 29 725 ’,
86 658 123 718 ἃ
137 659 186 718 ita
197 677 268 718 cum
279 675 314 717 ea
326 657 477 736 implicata
492 658 523 720 δι
535 657 683 720 coherent
695 657 737 732 srt,
751 677 786 722 ut
797 660 857 722 hec
871 661 926 722 tria
938 661 1017 734 apud
1031 659 1085 720 La-

7 733 9 746 '
88 735 190 808 timos,
203 732 296 810 serm,
314 740 394 808 ratio,
417 731 552 810 &Deam
576 735 652 814 apud
674 738 808 796 Platonem
828 755 942 802 tannim
955 733 1022 802 λὸγυ
1035 759 1085 816 ap.

7 877 10 886 ,
90 813 256 890 pellatiooe
274 812 475 888 includantur,
504 813 589 892 quod
616 813 737 876 verbum
749 835 805 878 not
817 818 1020 894 eloquentiam
1033 837 1084 896 ap-

7 903 8 908 ’
92 885 203 954 ffine
221 890 316 952 dicere
338 888 512 972 possumus:
534 911 597 954 non
609 907 689 954 certe
701 912 757 968 ego
769 893 878 968 rideo,
897 894 971 973 quid
986 894 1084 958 &ho-

7 971 9 1030 l
89 969 171 1030 mini
192 967 225 1030 ad
245 967 332 1046 spem
354 969 597 1049 opnbilrus„rtl
621 972 827 1047 cognitionem
851 972 1025 1046 iuoundiut,
1045 971 1082 1032 ad

7 1055 9 1074 '
87 1045 178 1108 nsunt
194 1049 317 1121 melius,
336 1046 374 1108 ad
398 1049 523 1124 gloriam
543 1048 648 1124 majus,
667 1047 701 1108 ad
716 1051 937 1127 potentiamam
960 1053 1026 1120 lius,
1046 1049 1083 1110 ad

7 1123 9 1160 ⁵
82 1123 439 1188 finilimdirremdivinae
451 1125 562 1186 mentis
594 1128 869 1206 ropiusercogitari
883 1149 922 1206 po
944 1147 975 1189 rt.
1007 1129 1077 1188 Sine

7 1259 8 1262 ,
83 1221 145 1281 qua
159 1219 269 1266 cerere
284 1218 363 1268 artes
375 1222 439 1264 non
453 1202 545 1267 modo
571 1223 626 1266 uot
637 1202 710 1266 lines
721 1225 784 1265 non
797 1206 893 1278 tueri,
911 1206 1081 1278 sedmuto,

80 1281 216 1354 irrutilet,
235 1279 394 1357 nimisque
414 1279 541 1342 sordide
562 1276 618 1348 ,else
640 1281 743 1344 solent.
783 1283 828 1343 Ut
850 1284 931 1344 enim
953 1281 1083 1346 hominio

79 1357 178 1420 decus
188 1357 367 1436 ingenium,
382 1357 419 1418 stc
432 1359 513 1424 illius
524 1361 636 1452 ingenii
650 1361 752 1422 lumen
764 1358 805 1420 est
817 1361 994 1439 eloquentia.
1010 1361 1081 1422 Huc

79 1435 222 1510 accedit,
244 1433 331 1513 quod
348 1434 502 1498 hominum
526 1452 638 1498 ammos
655 1437 788 1512 flellere3
806 1457 868 1515 quo
891 1439 964 1498 velit
976 1441 1078 1518 impel-

79 1515 150 1588 kae,
182 1514 273 1576 tnrde
295 1527 396 1576 autem
413 1515 496 1588 velit,
516 1513 670 1588 deducere,
690 1514 747 1576 sola
770 1518 905 1578 oratione
927 1514 1017 1578 homo
1041 1517 1083 1575 sn-

80 1593 168 1672 piens
192 1592 226 1656 δι
252 1593 399 1669 eloquens
418 1590 522 1671 potest.
561 1593 636 1657 Haec
656 1590 817 1654 admodum
836 1593 999 1667 laudabilis,
1018 1591 1081 1656 haec

7 1733 9 1742 .
81 1668 223 1748 preclara
238 1670 270 1732 δι
284 1668 421 1748 lotiffime
433 1687 545 1748 patens,
564 1669 626 1732 hacc
640 1691 707 1744 una,
726 1669 798 1732 teste
811 1679 938 1746 cicerone,
949 1673 981 1734 in
995 1674 1080 1734 omni

7 1769 9 1824 f
80 1748 180 1810 libero
203 1749 335 1827 populo,
354 1745 428 1808 dum
450 1750 483 1810 in
504 1747 662 1810 hominum
687 1769 792 1826 genere
812 1747 883 1824 fuit,
902 1747 1081 1828 petirbnesla,

82 1826 114 1887 dt
137 1826 294 1888 mirabilis
317 1824 361 1886 est
385 1825 452 1896 visa,
472 1828 657 1904 inanimaque
680 1829 712 1887 in
734 1828 1081 1907 pacatistranquillisque

82 1903 274 1976 civitatibus,
292 1902 411 1982 semper
431 1901 542 1977 floruit,
559 1901 730 1984 semperque
750 1905 900 1978 dominata
920 1904 968 1966 est.
1008 1908 1081 1968 Non

7 2039 8 2042 ,
81 1981 197 2060 ignoro
222 1981 301 2044 hanc
321 1979 443 2042 dicendi
462 1983 712 2057 exercitationem,
730 1983 904 2059 quibusdam
917 2003 979 2044 rem
993 1984 1079 2046 valde
1199 2005 1206 2032 ι

81 2057 248 2122 molestant
268 2078 302 2118 ae
320 2058 493 2120 laboriosam
503 2059 616 2122 videri:
638 2059 763 2136 idooque
775 2063 843 2122 illos
855 2059 1016 2124 difficulter
1027 2061 1080 2122 ad·

80 2136 162 2200 duci
222 2134 283 2210 sse,
302 2153 337 2198 ut
347 2135 378 2196 se
391 2135 463 2198 huic
476 2141 516 2198 rei
531 2139 649 2218 penitus
662 2138 787 2212 dedant,
807 2157 896 2218 atque
907 2142 938 2224 in
951 2161 983 2200 ea
997 2160 1080 2202 com·

82 2155 350 2294 penndssurnmo
359 2211 458 2278 lindio
468 2216 630 2280 elaborent‘
658 2216 713 2278 Sed
727 2219 779 2293 qui
793 2237 964 2297 magnarum
978 2239 1077 2281 retum

7 2303 8 2370 ]
84 2296 214 2372 gloriam
240 2291 425 2367 adeuntium
452 2293 523 2355 illos
545 2311 641 2373 neque
665 2294 831 2368 difficultas,
852 2315 918 2373 quae
941 2295 1012 2358 huic
1033 2299 1079 2360 tei

8 2433 10 2438 .
84 2371 172 2436 ineffe
186 2370 330 2444 ridetur,
349 2368 523 2442 absterrere;
551 2391 648 2452 neque
661 2373 741 2434 labor
751 2373 892 2452 frangere,
920 2391 1016 2449 neque
1028 2375 1080 2436 de·

8 2493 10 2524 ,
37 2487 41 2496 ·
84 2449 356 2527 speratioavocare
369 2449 533 2520 ullomodo
547 2453 663 2528 poterit.
702 2451 758 2512 Sed
781 2451 825 2512 hii
844 2454 945 2529 potius
963 2452 1078 2516 fruetus

53 2528 57 2536 ’
88 2529 268 2602 morinos,
287 2527 417 2590 honores
429 2529 625 2606 ampliffimos,
645 2529 767 2607 gloriam
778 2529 991 2606 sempiternam,
1009 2550 1077 2610 quoe

8 2611 9 2618 ’
90 2605 153 2670 inde
167 2623 306 2689 paratur,
326 2605 483 2668 oboculos
494 2606 545 2668 srbi
554 2607 666 2684 semper
678 2606 798 2686 positam
811 2603 965 2668 habebunt.
1004 2611 1078 2672 Non

8 2757 9 2762 η
93 2689 164 2750 run
186 2702 284 2750 tante
308 2685 354 2746 rei
371 2681 423 2744 ade
444 2685 566 2762 tionem,
586 2682 767 2756 difficultate,
786 2685 892 2758 labore,
906 2685 934 2745 δι
948 2681 1099 2762 fastidio‚·

8 2765 10 2784 ³
96 2779 154 2837 qne
173 2778 390 2828 momentanea
427 2780 498 2822 unt:
517 2762 568 2824 sed
590 2761 709 2838 honore,
729 2764 838 2839 gloria,
858 2782 891 2822 ac
914 2765 1076 2842 voluptate,

97 2857 156 2916 que
166 2859 321 2923 perpetuo
332 2839 451 2915 durant,
468 2843 568 2903 metiri
581 2841 697 2901 debent.
738 2841 815 2901 Cum
830 2858 927 2901 autem
939 2839 1075 2904 homines

95 2937 188 2982 ratum
211 2925 257 2984 ita
271 2919 437 2995 comparati
451 2916 528 2991 sunt,
553 2935 589 2980 ut
601 2920 731 2980 utilitate
744 2920 784 2979 rei
800 2920 963 2998 plurimum
974 2939 1075 2980 move-

95 3014 182 3073 ntur,
201 3020 237 3062 ac
250 3013 322 3058 ante
335 2997 448 3068 munia,
468 2993 540 3072 quid
551 2995 702 3075 expediat,
721 2995 845 3075 spectare
857 2995 982 3058 soleant:
1012 3018 1073 3062 non

171 3099 206 3140 ut
227 3078 288 3140 erit
310 3073 581 3153 supervacaneum,
611 3071 730 3134 dicendi
761 3074 882 3136 rationis
913 3075 1073 3138 utilitatem

170 3155 235 3218 loco
258 3153 396 3220 breuiter
419 3152 572 3229 attingere.
611 3151 757 3230 Equidem
778 3172 813 3213 ex
837 3153 921 3229 copia
944 3151 1074 3229 dicendi,

8 3219 10 3246 ¹
96 3229 206 3294 finer:
224 3229 425 3314 eopiosdfimi,
444 3245 533 3307 atque
553 3228 677 3312 infinitae
700 3228 920 3291 commoditates
938 3235 1074 3306 proveni.

98 3327 169 3380 unt,
184 3331 235 3374 run
254 3329 380 3375 tantum
402 3306 438 3368 ad
451 3326 511 3380 eos,
528 3309 584 3385 qui
594 3328 660 3369 eam
673 3306 906 3368 fiblvendieant:
925 3307 1073 3371 sedetiam

8 3405 9 3410 ¹
95 3386 134 3448 ad
154 3387 376 3470 Rempnblicam
400 3383 578 3449 universam.
615 3385 765 3447 llli'enim
788 3385 901 3458 habent,
920 3401 979 3463 quo
998 3387 1072 3448 se&

8 3521 10 3532 .
93 3469 185 3530 vitam
204 3467 280 3532 snam
302 3483 416 3532 contra
438 3461 554 3528 infidias
576 3464 767 3526 inimicorum
780 3462 980 3523 defenderent
993 3467 1072 3525 tueri

91 3543 211 3628 poffit:
227 3548 289 3612 laec
313 3564 403 3616 vero,
421 3540 558 3615 subsrdio,
582 3541 736 3604 &auxilio
748 3542 827 3603 illius
838 3538 1069 3619 praestantissimo

90 3622 389 3704 virentiaficffius&
399 3618 566 3700 gubenuri,
576 3619 606 3681 δι
619 3619 796 3698 amplificari,
808 3620 835 3680 δι
846 3619 1006 3708 conseruari
1019 3640 1071 3698 po·

89 3701 150 3771 test.
176 3707 335 3790 prodentia
346 3703 439 3768 eoirn
452 3699 575 3768 oratoria
587 3697 788 3850 ns‘ssmm
802 3717 833 3760 ac
847 3696 995 3776 sapientia,
1007 3717 1070 3836 pleiz
