<?xml version="1.0" encoding="UTF-8"?>
<!DOCTYPE html PUBLIC "-//W3C//DTD XHTML 1.0 Transitional//EN"
    "http://www.w3.org/TR/xhtml1/DTD/xhtml1-transitional.dtd">
<html xmlns="http://www.w3.org/1999/xhtml" xml:lang="en" lang="en">
 <head>
  <title>
</title>
<meta http-equiv="Content-Type" content="text/html;charset=utf-8" />
  <meta name='ocr-system' content='tesseract 3.04.00' />
  <meta name='ocr-capabilities' content='ocr_page ocr_carea ocr_par ocr_line ocrx_word'/>
</head>
<body>
  <div class='ocr_page' id='page_1' title='image "./rogeriaschamiep00sturgoog_0681.png"; bbox 0 0 2612 4450; ppageno 0'>
   <div class='ocr_carea' id='block_1_1' title="bbox 209 111 1115 704">
    <p class='ocr_par' dir='ltr' id='par_1_1' title="bbox 209 111 1115 704">
     <span class='ocr_line' id='line_1_1' title="bbox 209 111 1115 298; baseline -0.001 -48"><span class='ocrx_word' id='word_1_1' title='bbox 209 111 862 288; x_wconf 53' lang='lat' dir='ltr'><strong>⁴&#39;‘Et&#39;ssSTuLAE&#39;.</strong></span> <span class='ocrx_word' id='word_1_2' title='bbox 1041 173 1115 298; x_wconf 19' lang='lat'><strong>,7</strong></span> 
     </span>
     <span class='ocr_line' id='line_1_2' title="bbox 414 340 624 513; baseline 0.005 -1"><span class='ocrx_word' id='word_1_3' title='bbox 414 340 417 346; x_wconf 79' lang='grc'><strong>’</strong></span> <span class='ocrx_word' id='word_1_4' title='bbox 573 385 624 513; x_wconf 74' lang='lat' dir='ltr'><strong>t.</strong></span> 
     </span>
     <span class='ocr_line' id='line_1_3' title="bbox 415 602 783 704; baseline 0.008 -4"><span class='ocrx_word' id='word_1_5' title='bbox 415 602 783 704; x_wconf 75' lang='lat' dir='ltr'><strong>ntuetr.</strong></span> 
     </span>
    </p>
   </div>
   <div class='ocr_carea' id='block_1_2' title="bbox 139 831 800 953">
    <p class='ocr_par' dir='ltr' id='par_1_2' title="bbox 139 831 800 953">
     <span class='ocr_line' id='line_1_4' title="bbox 139 831 800 953; baseline -0.006 -23"><span class='ocrx_word' id='word_1_6' title='bbox 139 831 446 952; x_wconf 69' lang='lat' dir='ltr'><strong>Revereddiffime</strong></span> <span class='ocrx_word' id='word_1_7' title='bbox 464 845 504 924; x_wconf 83' lang='lat' dir='ltr'><strong>in</strong></span> <span class='ocrx_word' id='word_1_8' title='bbox 518 837 655 953; x_wconf 75' lang='lat' dir='ltr'><strong>Christo</strong></span> <span class='ocrx_word' id='word_1_9' title='bbox 676 841 800 946; x_wconf 83' lang='lat' dir='ltr'><strong>Pater,</strong></span> 
     </span>
    </p>
   </div>
   <div class='ocr_carea' id='block_1_3' title="bbox 1 977 1121 3452">
    <p class='ocr_par' dir='ltr' id='par_1_3' title="bbox 1 977 1121 3452">
     <span class='ocr_line' id='line_1_5' title="bbox 136 977 1114 1090; baseline 0 -24"><span class='ocrx_word' id='word_1_10' title='bbox 136 981 292 1066; x_wconf 49' lang='lat' dir='ltr'><strong>“Adem</strong></span> <span class='ocrx_word' id='word_1_11' title='bbox 307 977 583 1079; x_wconf 87' lang='lat' dir='ltr'><strong>serenasronte,</strong></span> <span class='ocrx_word' id='word_1_12' title='bbox 611 977 1114 1090; x_wconf 76' lang='lat' dir='ltr'><strong>eademqueeomitate,·&#39;ua</strong></span> 
     </span>
     <span class='ocr_line' id='line_1_6' title="bbox 197 1085 1114 1177; baseline 0.002 -2"><span class='ocrx_word' id='word_1_13' title='bbox 197 1085 296 1176; x_wconf 87' lang='lat' dir='ltr'><strong>olim</strong></span> <span class='ocrx_word' id='word_1_14' title='bbox 313 1097 456 1176; x_wconf 90' lang='lat' dir='ltr'><strong>Heroes</strong></span> <span class='ocrx_word' id='word_1_15' title='bbox 482 1092 688 1176; x_wconf 84' lang='lat' dir='ltr'><strong>levidenfia</strong></span> <span class='ocrx_word' id='word_1_16' title='bbox 718 1091 784 1175; x_wconf 86' lang='lat' dir='ltr'><strong>fibi</strong></span> <span class='ocrx_word' id='word_1_17' title='bbox 807 1089 938 1174; x_wconf 86' lang='lat' dir='ltr'><strong>oblata</strong></span> <span class='ocrx_word' id='word_1_18' title='bbox 959 1105 1114 1177; x_wconf 77' lang='lat' dir='ltr'><strong>munera</strong></span> 
     </span>
     <span class='ocr_line' id='line_1_7' title="bbox 82 1203 1114 1317; baseline -0.001 -28"><span class='ocrx_word' id='word_1_19' title='bbox 82 1209 253 1317; x_wconf 77' lang='lat' dir='ltr'><strong>recipere</strong></span> <span class='ocrx_word' id='word_1_20' title='bbox 275 1204 361 1287; x_wconf 85' lang='lat' dir='ltr'><strong>sunt</strong></span> <span class='ocrx_word' id='word_1_21' title='bbox 383 1206 560 1317; x_wconf 62' lang='lat' dir='ltr'><strong>dignati,</strong></span> <span class='ocrx_word' id='word_1_22' title='bbox 597 1210 638 1287; x_wconf 68' lang='grc' dir='ltr'><strong>ὃ(</strong></span> <span class='ocrx_word' id='word_1_23' title='bbox 657 1203 738 1314; x_wconf 89' lang='lat' dir='ltr'><strong>ipse</strong></span> <span class='ocrx_word' id='word_1_24' title='bbox 756 1206 901 1315; x_wconf 82' lang='lat' dir='ltr'><strong>recipis,</strong></span> <span class='ocrx_word' id='word_1_25' title='bbox 928 1208 1114 1288; x_wconf 85' lang='lat' dir='ltr'><strong>excellen-</strong></span> 
     </span>
     <span class='ocr_line' id='line_1_8' title="bbox 81 1315 1114 1430; baseline -0.001 -28"><span class='ocrx_word' id='word_1_26' title='bbox 81 1315 224 1403; x_wconf 85' lang='lat' dir='ltr'><strong>tisstme</strong></span> <span class='ocrx_word' id='word_1_27' title='bbox 243 1319 425 1418; x_wconf 84' lang='lat' dir='ltr'><strong>Domine,</strong></span> <span class='ocrx_word' id='word_1_28' title='bbox 454 1315 702 1430; x_wconf 73' lang='lat' dir='ltr'><strong>Magnetibus</strong></span> <span class='ocrx_word' id='word_1_29' title='bbox 734 1315 924 1416; x_wconf 85' lang='lat' dir='ltr'><strong>univerfis,</strong></span> <span class='ocrx_word' id='word_1_30' title='bbox 963 1323 1003 1401; x_wconf 79' lang='lat'><strong>8&lt;</strong></span> <span class='ocrx_word' id='word_1_31' title='bbox 1030 1317 1114 1427; x_wconf 78' lang='lat' dir='ltr'><strong>spe-</strong></span> 
     </span>
     <span class='ocr_line' id='line_1_9' title="bbox 78 1431 1114 1540; baseline 0.008 -34"><span class='ocrx_word' id='word_1_32' title='bbox 78 1433 217 1514; x_wconf 80' lang='lat' dir='ltr'><strong>ciatim</strong></span> <span class='ocrx_word' id='word_1_33' title='bbox 245 1431 514 1532; x_wconf 83' lang='lat' dir='ltr'><strong>Ecdefiastieis,</strong></span> <span class='ocrx_word' id='word_1_34' title='bbox 542 1431 708 1540; x_wconf 80' lang='lat' dir='ltr'><strong>posthaee</strong></span> <span class='ocrx_word' id='word_1_35' title='bbox 727 1431 769 1513; x_wconf 91' lang='lat' dir='ltr'><strong>in</strong></span> <span class='ocrx_word' id='word_1_36' title='bbox 798 1432 989 1540; x_wconf 83' lang='lat' dir='ltr'><strong>exemplar</strong></span> <span class='ocrx_word' id='word_1_37' title='bbox 1009 1431 1114 1514; x_wconf 90' lang='lat' dir='ltr'><strong>sutu-</strong></span> 
     </span>
     <span class='ocr_line' id='line_1_10' title="bbox 83 1541 1116 1654; baseline -0.003 -26"><span class='ocrx_word' id='word_1_38' title='bbox 83 1571 163 1628; x_wconf 89' lang='lat' dir='ltr'><strong>rus.</strong></span> <span class='ocrx_word' id='word_1_39' title='bbox 219 1544 411 1654; x_wconf 84' lang='lat' dir='ltr'><strong>Siquidem</strong></span> <span class='ocrx_word' id='word_1_40' title='bbox 431 1544 655 1626; x_wconf 83' lang='lat' dir='ltr'><strong>tenuitatem</strong></span> <span class='ocrx_word' id='word_1_41' title='bbox 683 1541 879 1624; x_wconf 85' lang='lat' dir='ltr'><strong>offerentis</strong></span> <span class='ocrx_word' id='word_1_42' title='bbox 896 1570 976 1624; x_wconf 93' lang='lat' dir='ltr'><strong>non</strong></span> <span class='ocrx_word' id='word_1_43' title='bbox 1002 1571 1116 1625; x_wconf 81' lang='lat' dir='ltr'><strong>exeu-</strong></span> 
     </span>
     <span class='ocr_line' id='line_1_11' title="bbox 85 1654 1113 1766; baseline -0.002 -26"><span class='ocrx_word' id='word_1_44' title='bbox 85 1656 145 1740; x_wconf 85' lang='lat' dir='ltr'><strong>sas</strong></span> <span class='ocrx_word' id='word_1_45' title='bbox 160 1655 291 1754; x_wconf 80' lang='lat' dir='ltr'><strong>modo,</strong></span> <span class='ocrx_word' id='word_1_46' title='bbox 318 1654 380 1738; x_wconf 92' lang='lat' dir='ltr'><strong>sed</strong></span> <span class='ocrx_word' id='word_1_47' title='bbox 396 1661 436 1738; x_wconf 86' lang='lat'>&amp;</span> <span class='ocrx_word' id='word_1_48' title='bbox 455 1655 607 1766; x_wconf 88' lang='lat' dir='ltr'><strong>insuper</strong></span> <span class='ocrx_word' id='word_1_49' title='bbox 621 1656 787 1764; x_wconf 58' lang='lat' dir='ltr'><strong>laudas,</strong></span> <span class='ocrx_word' id='word_1_50' title='bbox 815 1675 929 1766; x_wconf 88' lang='lat' dir='ltr'><strong>pront</strong></span> <span class='ocrx_word' id='word_1_51' title='bbox 948 1681 993 1736; x_wconf 84' lang='lat' dir='ltr'><strong>ex</strong></span> <span class='ocrx_word' id='word_1_52' title='bbox 1013 1659 1113 1738; x_wconf 87' lang='lat' dir='ltr'><strong>litte·</strong></span> 
     </span>
     <span class='ocr_line' id='line_1_12' title="bbox 85 1765 1114 1873; baseline -0.002 -21"><span class='ocrx_word' id='word_1_53' title='bbox 85 1772 140 1852; x_wconf 89' lang='lat' dir='ltr'><strong>ris</strong></span> <span class='ocrx_word' id='word_1_54' title='bbox 166 1770 263 1851; x_wconf 88' lang='lat' dir='ltr'><strong>Maii</strong></span> <span class='ocrx_word' id='word_1_55' title='bbox 286 1793 337 1873; x_wconf 83' lang='lat'><strong>27</strong></span> <span class='ocrx_word' id='word_1_56' title='bbox 361 1770 523 1850; x_wconf 80' lang='lat' dir='ltr'><strong>exaratis</strong></span> <span class='ocrx_word' id='word_1_57' title='bbox 552 1765 727 1850; x_wconf 86' lang='lat' dir='ltr'><strong>mihimet</strong></span> <span class='ocrx_word' id='word_1_58' title='bbox 755 1767 968 1851; x_wconf 83' lang='lat' dir='ltr'><strong>innotescit.</strong></span> <span class='ocrx_word' id='word_1_59' title='bbox 1025 1773 1114 1851; x_wconf 88' lang='lat' dir='ltr'><strong>Uti·</strong></span> 
     </span>
     <span class='ocr_line' id='line_1_13' title="bbox 87 1877 1114 1994; baseline -0.002 -30"><span class='ocrx_word' id='word_1_60' title='bbox 87 1907 183 1965; x_wconf 89' lang='lat' dir='ltr'><strong>nam</strong></span> <span class='ocrx_word' id='word_1_61' title='bbox 214 1899 326 1963; x_wconf 83' lang='lat' dir='ltr'><strong>tantae</strong></span> <span class='ocrx_word' id='word_1_62' title='bbox 354 1881 602 1994; x_wconf 68' lang='lat' dir='ltr'><strong>indulgentie</strong></span> <span class='ocrx_word' id='word_1_63' title='bbox 632 1908 713 1961; x_wconf 90' lang='lat' dir='ltr'><strong>non</strong></span> <span class='ocrx_word' id='word_1_64' title='bbox 732 1877 881 1960; x_wconf 85' lang='lat' dir='ltr'><strong>suiss&#39;em</strong></span> <span class='ocrx_word' id='word_1_65' title='bbox 907 1883 1044 1990; x_wconf 84' lang='lat' dir='ltr'><strong>impar,</strong></span> <span class='ocrx_word' id='word_1_66' title='bbox 1072 1901 1114 1963; x_wconf 90' lang='lat' dir='ltr'><strong>ut</strong></span> 
     </span>
     <span class='ocr_line' id='line_1_14' title="bbox 1 1992 1114 2104; baseline 0 -28"><span class='ocrx_word' id='word_1_67' title='bbox 1 2059 3 2094; x_wconf 56' lang='lat'><em>‡</em></span> <span class='ocrx_word' id='word_1_68' title='bbox 86 1995 160 2104; x_wconf 85' lang='lat' dir='ltr'><strong>qui</strong></span> <span class='ocrx_word' id='word_1_69' title='bbox 180 1992 379 2100; x_wconf 72' lang='lat' dir='ltr'><strong>maxime5</strong></span> <span class='ocrx_word' id='word_1_70' title='bbox 414 1994 562 2076; x_wconf 85' lang='lat' dir='ltr'><strong>utinam</strong></span> <span class='ocrx_word' id='word_1_71' title='bbox 589 1995 738 2074; x_wconf 80' lang='lat' dir='ltr'><strong>eumin</strong></span> <span class='ocrx_word' id='word_1_72' title='bbox 770 1993 959 2100; x_wconf 86' lang='lat' dir='ltr'><strong>posterum</strong></span> <span class='ocrx_word' id='word_1_73' title='bbox 978 1999 1114 2076; x_wconf 83' lang='lat' dir='ltr'><strong>mereti</strong></span> 
     </span>
     <span class='ocr_line' id='line_1_15' title="bbox 1 2104 1114 2217; baseline -0.002 -29"><span class='ocrx_word' id='word_1_74' title='bbox 1 2169 2 2172; x_wconf 15' lang='lat' dir='ltr'><strong>r</strong></span> <span class='ocrx_word' id='word_1_75' title='bbox 91 2107 214 2204; x_wconf 76' lang='lat' dir='ltr'><strong>liceat,</strong></span> <span class='ocrx_word' id='word_1_76' title='bbox 236 2129 348 2217; x_wconf 82' lang='lat' dir='ltr'><strong>quum</strong></span> <span class='ocrx_word' id='word_1_77' title='bbox 364 2132 443 2187; x_wconf 88' lang='lat' dir='ltr'><strong>non</strong></span> <span class='ocrx_word' id='word_1_78' title='bbox 456 2107 509 2189; x_wconf 86' lang='lat' dir='ltr'><strong>ita</strong></span> <span class='ocrx_word' id='word_1_79' title='bbox 526 2107 674 2215; x_wconf 89' lang='lat' dir='ltr'><strong>pridem</strong></span> <span class='ocrx_word' id='word_1_80' title='bbox 687 2123 863 2214; x_wconf 73' lang='lat' dir='ltr'><strong>expertus</strong></span> <span class='ocrx_word' id='word_1_81' title='bbox 877 2105 948 2204; x_wconf 84' lang='lat' dir='ltr'><strong>sui,</strong></span> <span class='ocrx_word' id='word_1_82' title='bbox 978 2104 1114 2216; x_wconf 80' lang='lat' dir='ltr'><strong>benig-</strong></span> 
     </span>
     <span class='ocr_line' id='line_1_16' title="bbox 1 2219 1115 2327; baseline 0 -26"><span class='ocrx_word' id='word_1_83' title='bbox 1 2323 2 2326; x_wconf 4' lang='grc' dir='ltr'><strong><em>Ν</em></strong></span> <span class='ocrx_word' id='word_1_84' title='bbox 88 2221 265 2301; x_wconf 85' lang='lat' dir='ltr'><strong>nitatem.</strong></span> <span class='ocrx_word' id='word_1_85' title='bbox 323 2221 464 2327; x_wconf 83' lang='lat' dir='ltr'><strong>Magna</strong></span> <span class='ocrx_word' id='word_1_86' title='bbox 475 2221 579 2319; x_wconf 75' lang='lat' dir='ltr'><strong>sutis,</strong></span> <span class='ocrx_word' id='word_1_87' title='bbox 608 2221 751 2326; x_wconf 77' lang='lat' dir='ltr'><strong>majora</strong></span> <span class='ocrx_word' id='word_1_88' title='bbox 768 2219 957 2326; x_wconf 86' lang='lat' dir='ltr'><strong>promittis</strong></span> <span class='ocrx_word' id='word_1_89' title='bbox 976 2219 1115 2301; x_wconf 78' lang='lat' dir='ltr'><strong>sacien-</strong></span> 
     </span>
     <span class='ocr_line' id='line_1_17' title="bbox 87 2326 1116 2440; baseline 0.001 -25"><span class='ocrx_word' id='word_1_90' title='bbox 87 2329 139 2415; x_wconf 89' lang='lat' dir='ltr'><strong>da</strong></span> <span class='ocrx_word' id='word_1_91' title='bbox 159 2370 173 2439; x_wconf 76' lang='lat'><strong>5</strong></span> <span class='ocrx_word' id='word_1_92' title='bbox 201 2326 442 2414; x_wconf 83' lang='lat' dir='ltr'><strong>elariffimum</strong></span> <span class='ocrx_word' id='word_1_93' title='bbox 455 2327 799 2437; x_wconf 74' lang='lat' dir='ltr'><strong>sanctissimumque</strong></span> <span class='ocrx_word' id='word_1_94' title='bbox 817 2333 1052 2440; x_wconf 82' lang='lat' dir='ltr'><strong>Ephremum</strong></span> <span class='ocrx_word' id='word_1_95' title='bbox 1068 2339 1116 2416; x_wconf 79' lang='lat' dir='ltr'><strong>ex</strong></span> 
     </span>
     <span class='ocr_line' id='line_1_18' title="bbox 89 2441 1115 2554; baseline -0.002 -27"><span class='ocrx_word' id='word_1_96' title='bbox 89 2441 261 2527; x_wconf 87' lang='lat' dir='ltr'><strong>tenebris</strong></span> <span class='ocrx_word' id='word_1_97' title='bbox 280 2470 417 2543; x_wconf 87' lang='lat' dir='ltr'><strong>eruere,</strong></span> <span class='ocrx_word' id='word_1_98' title='bbox 445 2471 523 2554; x_wconf 86' lang='lat' dir='ltr'><strong>quo</strong></span> <span class='ocrx_word' id='word_1_99' title='bbox 545 2447 682 2525; x_wconf 82' lang='lat' dir='ltr'><strong>elatior</strong></span> <span class='ocrx_word' id='word_1_100' title='bbox 706 2444 843 2524; x_wconf 80' lang='lat' dir='ltr'><strong>evadat</strong></span> <span class='ocrx_word' id='word_1_101' title='bbox 871 2443 1115 2554; x_wconf 74' lang='lat' dir='ltr'><strong>satistiorque.</strong></span> 
     </span>
     <span class='ocr_line' id='line_1_19' title="bbox 90 2553 1119 2664; baseline 0 -25"><span class='ocrx_word' id='word_1_102' title='bbox 90 2555 372 2639; x_wconf 86' lang='lat' dir='ltr'><strong>Beatitudinem</strong></span> <span class='ocrx_word' id='word_1_103' title='bbox 396 2555 554 2638; x_wconf 81' lang='lat' dir='ltr'><strong>vestram</strong></span> <span class='ocrx_word' id='word_1_104' title='bbox 573 2557 681 2638; x_wconf 82' lang='lat' dir='ltr'><strong>decet</strong></span> <span class='ocrx_word' id='word_1_105' title='bbox 693 2553 895 2636; x_wconf 79' lang='lat' dir='ltr'><strong>Beatissimi</strong></span> <span class='ocrx_word' id='word_1_106' title='bbox 916 2558 1001 2637; x_wconf 89' lang='lat' dir='ltr'><strong>Viti</strong></span> <span class='ocrx_word' id='word_1_107' title='bbox 1022 2583 1119 2664; x_wconf 88' lang='lat' dir='ltr'><strong>ope-</strong></span> 
     </span>
     <span class='ocr_line' id='line_1_20' title="bbox 92 2665 1118 2766; baseline 0.003 -16"><span class='ocrx_word' id='word_1_108' title='bbox 92 2695 135 2750; x_wconf 89' lang='lat' dir='ltr'><strong>ra</strong></span> <span class='ocrx_word' id='word_1_109' title='bbox 154 2671 195 2750; x_wconf 94' lang='lat' dir='ltr'><strong>in</strong></span> <span class='ocrx_word' id='word_1_110' title='bbox 214 2671 335 2749; x_wconf 84' lang='lat' dir='ltr'><strong>lucem</strong></span> <span class='ocrx_word' id='word_1_111' title='bbox 355 2669 537 2766; x_wconf 87' lang='lat' dir='ltr'><strong>emittere,</strong></span> <span class='ocrx_word' id='word_1_112' title='bbox 564 2672 604 2751; x_wconf 79' lang='grc' dir='ltr'><strong>ὃ(</strong></span> <span class='ocrx_word' id='word_1_113' title='bbox 630 2667 888 2750; x_wconf 81' lang='lat' dir='ltr'><strong>exorientibus</strong></span> <span class='ocrx_word' id='word_1_114' title='bbox 907 2665 981 2750; x_wconf 92' lang='lat' dir='ltr'><strong>suis</strong></span> <span class='ocrx_word' id='word_1_115' title='bbox 1000 2671 1118 2753; x_wconf 89' lang='lat' dir='ltr'><strong>radiis</strong></span> 
     </span>
     <span class='ocr_line' id='line_1_21' title="bbox 93 2778 1118 2892; baseline 0.004 -32"><span class='ocrx_word' id='word_1_116' title='bbox 93 2778 217 2892; x_wconf 89' lang='lat' dir='ltr'><strong>ipsum</strong></span> <span class='ocrx_word' id='word_1_117' title='bbox 236 2780 419 2861; x_wconf 80' lang='lat' dir='ltr'><strong>illustrare</strong></span> <span class='ocrx_word' id='word_1_118' title='bbox 440 2784 656 2862; x_wconf 87' lang='lat' dir='ltr'><strong>Orientem.</strong></span> <span class='ocrx_word' id='word_1_119' title='bbox 714 2781 967 2887; x_wconf 79' lang='lat' dir='ltr'><strong>Diligentiam</strong></span> <span class='ocrx_word' id='word_1_120' title='bbox 993 2809 1118 2864; x_wconf 79' lang='lat' dir='ltr'><strong>meom</strong></span> 
     </span>
     <span class='ocr_line' id='line_1_22' title="bbox 91 2891 1120 3004; baseline 0 -29"><span class='ocrx_word' id='word_1_121' title='bbox 91 2894 299 3004; x_wconf 81' lang='lat' dir='ltr'><strong>promitm,</strong></span> <span class='ocrx_word' id='word_1_122' title='bbox 320 2892 562 3004; x_wconf 88' lang='lat' dir='ltr'><strong>hominisque</strong></span> <span class='ocrx_word' id='word_1_123' title='bbox 577 2891 784 2974; x_wconf 78' lang='lat' dir='ltr'><strong>Christiani</strong></span> <span class='ocrx_word' id='word_1_124' title='bbox 800 2892 928 2989; x_wconf 81' lang='lat' dir='ltr'><strong>sidem,</strong></span> <span class='ocrx_word' id='word_1_125' title='bbox 945 2896 987 2974; x_wconf 89' lang='lat' dir='ltr'><strong>in</strong></span> <span class='ocrx_word' id='word_1_126' title='bbox 998 2894 1120 2975; x_wconf 83' lang='lat' dir='ltr'><strong>trans·</strong></span> 
     </span>
     <span class='ocr_line' id='line_1_23' title="bbox 92 3003 1121 3115; baseline 0 -27"><span class='ocrx_word' id='word_1_127' title='bbox 92 3005 290 3088; x_wconf 86' lang='lat' dir='ltr'><strong>mittendis</strong></span> <span class='ocrx_word' id='word_1_128' title='bbox 302 3003 450 3088; x_wconf 84' lang='lat' dir='ltr'><strong>Editori</strong></span> <span class='ocrx_word' id='word_1_129' title='bbox 467 3005 577 3086; x_wconf 81' lang='lat' dir='ltr'><strong>salvis</strong></span> <span class='ocrx_word' id='word_1_130' title='bbox 596 3003 776 3115; x_wconf 72' lang='lat' dir='ltr'><strong>sortisque</strong></span> <span class='ocrx_word' id='word_1_131' title='bbox 797 3005 899 3090; x_wconf 76' lang='lat' dir='ltr'><strong>testis</strong></span> <span class='ocrx_word' id='word_1_132' title='bbox 915 3045 929 3112; x_wconf 74' lang='lat'>3</span> <span class='ocrx_word' id='word_1_133' title='bbox 957 3007 1121 3114; x_wconf 87' lang='lat' dir='ltr'><strong>promit-</strong></span> 
     </span>
     <span class='ocr_line' id='line_1_24' title="bbox 92 3115 1119 3228; baseline 0.001 -28"><span class='ocrx_word' id='word_1_134' title='bbox 92 3135 139 3201; x_wconf 86' lang='lat' dir='ltr'><strong>to</strong></span> <span class='ocrx_word' id='word_1_135' title='bbox 166 3118 283 3200; x_wconf 85' lang='lat' dir='ltr'><strong>etiam</strong></span> <span class='ocrx_word' id='word_1_136' title='bbox 309 3119 420 3227; x_wconf 88' lang='lat' dir='ltr'><strong>pretii</strong></span> <span class='ocrx_word' id='word_1_137' title='bbox 438 3115 684 3218; x_wconf 88' lang='lat' dir='ltr'><strong>solutionem,</strong></span> <span class='ocrx_word' id='word_1_138' title='bbox 714 3143 915 3228; x_wconf 80' lang='lat' dir='ltr'><strong>eurumque</strong></span> <span class='ocrx_word' id='word_1_139' title='bbox 941 3122 1119 3201; x_wconf 87' lang='lat' dir='ltr'><strong>onrnium</strong></span> 
     </span>
     <span class='ocr_line' id='line_1_25' title="bbox 91 3229 1119 3339; baseline 0.001 -27"><span class='ocrx_word' id='word_1_140' title='bbox 91 3229 362 3339; x_wconf 79' lang='lat' dir='ltr'><strong>expensorum,</strong></span> <span class='ocrx_word' id='word_1_141' title='bbox 391 3255 482 3338; x_wconf 80' lang='lat' dir='ltr'><strong>quos</strong></span> <span class='ocrx_word' id='word_1_142' title='bbox 500 3235 558 3311; x_wconf 84' lang='lat' dir='ltr'><strong>vel</strong></span> <span class='ocrx_word' id='word_1_143' title='bbox 578 3230 811 3337; x_wconf 86' lang='lat' dir='ltr'><strong>inquirendo</strong></span> <span class='ocrx_word' id='word_1_144' title='bbox 836 3235 894 3311; x_wconf 83' lang='lat' dir='ltr'><strong>vel</strong></span> <span class='ocrx_word' id='word_1_145' title='bbox 909 3230 1119 3314; x_wconf 76' lang='lat' dir='ltr'><strong>etseriben-</strong></span> 
     </span>
     <span class='ocr_line' id='line_1_26' title="bbox 94 3341 1121 3452; baseline 0.001 -28"><span class='ocrx_word' id='word_1_146' title='bbox 94 3344 151 3432; x_wconf 93' lang='lat' dir='ltr'><strong>do</strong></span> <span class='ocrx_word' id='word_1_147' title='bbox 180 3343 399 3451; x_wconf 89' lang='lat' dir='ltr'><strong>impendere</strong></span> <span class='ocrx_word' id='word_1_148' title='bbox 418 3341 489 3424; x_wconf 89' lang='lat' dir='ltr'><strong>tibi</strong></span> <span class='ocrx_word' id='word_1_149' title='bbox 508 3344 725 3452; x_wconf 75' lang='lat' dir='ltr'><strong>eontigerit.</strong></span> <span class='ocrx_word' id='word_1_150' title='bbox 783 3341 1026 3431; x_wconf 78' lang='lat' dir='ltr'><strong>Dissimulare</strong></span> <span class='ocrx_word' id='word_1_151' title='bbox 1054 3374 1121 3426; x_wconf 83' lang='lat' dir='ltr'><strong>au-</strong></span> 
     </span>
    </p>
   </div>
   <div class='ocr_carea' id='block_1_4' title="bbox 95 3453 1249 3564">
    <p class='ocr_par' dir='ltr' id='par_1_4' title="bbox 95 3453 1249 3564">
     <span class='ocr_line' id='line_1_27' title="bbox 95 3453 1249 3564; baseline 0.003 -26"><span class='ocrx_word' id='word_1_152' title='bbox 95 3473 174 3538; x_wconf 88' lang='lat' dir='ltr'><strong>tern</strong></span> <span class='ocrx_word' id='word_1_153' title='bbox 195 3458 301 3555; x_wconf 73' lang='lat' dir='ltr'><strong>nom,</strong></span> <span class='ocrx_word' id='word_1_154' title='bbox 337 3457 567 3564; x_wconf 73' lang='lat' dir='ltr'><strong>exemplaria</strong></span> <span class='ocrx_word' id='word_1_155' title='bbox 590 3453 862 3562; x_wconf 76' lang='lat' dir='ltr'><strong>antiquissimo,</strong></span> <span class='ocrx_word' id='word_1_156' title='bbox 890 3475 1025 3562; x_wconf 88' lang='lat' dir='ltr'><strong>utpote</strong></span> <span class='ocrx_word' id='word_1_157' title='bbox 1043 3455 1120 3543; x_wconf 75' lang='lat' dir='ltr'><strong>fida</strong></span> <span class='ocrx_word' id='word_1_158' title='bbox 1246 3499 1249 3506; x_wconf 57' lang='lat'><strong><em>¹</em></strong></span> 
     </span>
    </p>
   </div>
   <div class='ocr_carea' id='block_1_5' title="bbox 93 3567 1124 4098">
    <p class='ocr_par' dir='ltr' id='par_1_5' title="bbox 93 3567 1122 4018">
     <span class='ocr_line' id='line_1_28' title="bbox 93 3567 1120 3676; baseline -0.001 -27"><span class='ocrx_word' id='word_1_159' title='bbox 93 3569 215 3676; x_wconf 80' lang='lat' dir='ltr'><strong>magis</strong></span> <span class='ocrx_word' id='word_1_160' title='bbox 243 3575 282 3652; x_wconf 86' lang='lat'>&amp;</span> <span class='ocrx_word' id='word_1_161' title='bbox 313 3591 496 3664; x_wconf 80' lang='lat' dir='ltr'><strong>aeeutntu,</strong></span> <span class='ocrx_word' id='word_1_162' title='bbox 533 3567 797 3648; x_wconf 80' lang='lat' dir='ltr'><strong>neotericis&amp;</strong></span> <span class='ocrx_word' id='word_1_163' title='bbox 823 3586 970 3648; x_wconf 76' lang='lat' dir='ltr'><strong>retente</strong></span> <span class='ocrx_word' id='word_1_164' title='bbox 1002 3593 1120 3648; x_wconf 77' lang='lat' dir='ltr'><strong>manu</strong></span> 
     </span>
     <span class='ocr_line' id='line_1_29' title="bbox 94 3677 1122 3790; baseline -0.003 -28"><span class='ocrx_word' id='word_1_165' title='bbox 94 3680 244 3788; x_wconf 91' lang='lat' dir='ltr'><strong>seriptis</strong></span> <span class='ocrx_word' id='word_1_166' title='bbox 267 3677 338 3762; x_wconf 81' lang='lat' dir='ltr'><strong>esse</strong></span> <span class='ocrx_word' id='word_1_167' title='bbox 362 3680 604 3790; x_wconf 79' lang='lat' dir='ltr'><strong>praeserendo.</strong></span> <span class='ocrx_word' id='word_1_168' title='bbox 661 3677 742 3787; x_wconf 82' lang='lat' dir='ltr'><strong>{pse</strong></span> <span class='ocrx_word' id='word_1_169' title='bbox 761 3699 899 3775; x_wconf 73' lang='lat' dir='ltr'><strong>eutem,</strong></span> <span class='ocrx_word' id='word_1_170' title='bbox 929 3679 1023 3788; x_wconf 85' lang='lat' dir='ltr'><strong>quid</strong></span> <span class='ocrx_word' id='word_1_171' title='bbox 1049 3706 1122 3788; x_wconf 48' lang='lat' dir='ltr'><strong>opu</strong></span> 
     </span>
     <span class='ocr_line' id='line_1_30' title="bbox 94 3791 1122 3902; baseline -0.006 -28"><span class='ocrx_word' id='word_1_172' title='bbox 94 3795 234 3874; x_wconf 91' lang='lat' dir='ltr'><strong>timum</strong></span> <span class='ocrx_word' id='word_1_173' title='bbox 255 3792 312 3890; x_wconf 81' lang='lat' dir='ltr'><strong>stt,</strong></span> <span class='ocrx_word' id='word_1_174' title='bbox 339 3794 486 3902; x_wconf 89' lang='lat' dir='ltr'><strong>optime</strong></span> <span class='ocrx_word' id='word_1_175' title='bbox 508 3794 642 3896; x_wconf 71' lang='lat' dir='ltr'><strong>eoiles3</strong></span> <span class='ocrx_word' id='word_1_176' title='bbox 670 3791 841 3900; x_wconf 77' lang='lat' dir='ltr'><strong>illudque</strong></span> <span class='ocrx_word' id='word_1_177' title='bbox 859 3791 982 3899; x_wconf 85' lang='lat' dir='ltr'><strong>ipsum</strong></span> <span class='ocrx_word' id='word_1_178' title='bbox 1003 3791 1122 3872; x_wconf 76' lang='lat' dir='ltr'><strong>trans</strong></span> 
     </span>
     <span class='ocr_line' id='line_1_31' title="bbox 97 3899 1120 4018; baseline -0.007 -29"><span class='ocrx_word' id='word_1_179' title='bbox 97 3907 228 4003; x_wconf 81' lang='lat' dir='ltr'><strong>mittas</strong></span> <span class='ocrx_word' id='word_1_180' title='bbox 260 3931 395 4018; x_wconf 84' lang='lat' dir='ltr'><strong>precor</strong></span> <span class='ocrx_word' id='word_1_181' title='bbox 429 3929 542 4014; x_wconf 81' lang='lat' dir='ltr'><strong>quam</strong></span> <span class='ocrx_word' id='word_1_182' title='bbox 579 3899 751 3985; x_wconf 80' lang='lat' dir='ltr'><strong>citissime</strong></span> <span class='ocrx_word' id='word_1_183' title='bbox 780 3907 843 3987; x_wconf 85' lang='lat' dir='ltr'><strong>vel</strong></span> <span class='ocrx_word' id='word_1_184' title='bbox 874 3908 925 3985; x_wconf 91' lang='lat' dir='ltr'><strong>D.</strong></span> <span class='ocrx_word' id='word_1_185' title='bbox 960 3903 1120 3982; x_wconf 81' lang='lat' dir='ltr'><strong>Contuli</strong></span> 
     </span>
    </p>

    <p class='ocr_par' dir='ltr' id='par_1_6' title="bbox 629 4015 1124 4098">
     <span class='ocr_line' id='line_1_32' title="bbox 629 4015 1124 4098; baseline 0.004 -3"><span class='ocrx_word' id='word_1_186' title='bbox 629 4020 655 4095; x_wconf 81' lang='lat' dir='ltr'>B</span> <span class='ocrx_word' id='word_1_187' title='bbox 683 4043 708 4098; x_wconf 78' lang='lat' dir='ltr'><strong>u.</strong></span> <span class='ocrx_word' id='word_1_188' title='bbox 952 4015 1124 4098; x_wconf 63' lang='lat' dir='ltr'><strong>uenden-</strong></span> 
     </span>
    </p>
   </div>
   <div class='ocr_carea' id='block_1_6' title="bbox 0 0 1328 4450">
    <p class='ocr_par' dir='ltr' id='par_1_7' title="bbox 0 0 1328 4450">
     <span class='ocr_line' id='line_1_33' title="bbox 0 0 1328 4450; baseline 0 0"><span class='ocrx_word' id='word_1_189' title='bbox 0 0 1328 4450; x_wconf 95' lang='lat' dir='ltr'><strong> </strong></span> 
     </span>
    </p>
   </div>
  </div>
 </body>
</html>
