2612 4450
305 161 881 268 EPISTOLAE.
1053 187 1107 280 1'1

82 353 174 418 rum
193 331 311 413 velles
327 329 490 412 mercari
509 325 712 428 affefflnn,
754 331 795 413 8(
818 356 871 414 ex
896 327 1014 418 donis
1039 337 1115 422 tuis

81 439 294 527 vendicare
316 439 611 526 retributionem
630 481 647 552 3
686 469 767 554 quae
787 441 814 524 fi
832 443 934 527 salva
955 451 1115 560 appule-

79 559 177 654 rint,
190 553 367 640 dubitare
383 581 465 638 non
478 554 624 668 poteris
639 553 689 641 de
703 554 839 640 debito
853 555 997 645 effeau.
1028 565 1114 674 Ego

75 669 242 752 interim
264 665 461 752 beneficiis
476 670 551 752 tuis
569 670 708 778 impar,
727 671 768 752 8(
783 669 1002 780 gratiarum,
1021 700 1113 785 quas

81 783 254 885 mereris,
281 783 439 885 astioni,
466 778 667 893 precabor,
696 802 751 884 ut,
779 781 959 893 quisolus
975 787 1115 897 potest,

84 895 224 979 omnia
240 889 316 977 tibi
333 897 519 1006 largiatur
537 893 659 995 bona,
686 914 732 979 ut
753 891 825 978 diu
839 897 948 978 vivas
962 899 1115 984 incolu-

88 1009 175 1106 ωἰε,
202 1001 253 1090 ab
267 1004 552 1110 exactionibus,
580 1005 744 1107 tributis,
772 1011 813 1090 8(
835 1009 1004 1120 periculo
1026 1014 1115 1094 uni-

89 1115 201 1204 verfis
224 1121 422 1221 immunis,
460 1138 503 1204 ut
529 1120 662 1205 videas
693 1123 888 1232 populum
908 1115 980 1204 tibi
1005 1141 1115 1208 tom—

86 1227 242 1317 missum
276 1230 497 1337 vitmtibus,
535 1235 735 1348 religione,
774 1238 814 1320 8(
846 1231 1020 1317 libertate
1040 1233 1117 1318 flo-

85 1363 244 1428 rentem.
301 1348 495 1462 Denique‚
509 1365 554 1430 ut
569 1342 794 1432 benedicere
808 1345 929 1459 usque
946 1344 1116 1464 &usquc

85 1458 303 1570 dignareris
1059 1483 1063 1492 ·

448 1681 697 1778 Beatitudinis
716 1702 785 1767 tuae

106 1791 390 1871 InurbeTripolitana

188 1876 272 1936 1680·
357 1878 361 1884 '
659 1868 895 1989 Devotiffimo
912 1873 1059 1990 clienti,

990 2103 1040 2186 R.
1058 2103 1109 2236 H?

91 2429 1114 2477 μ---,----------«

549 2690 648 2770 Vlss.

423 2866 462 2958 Ε
499 2867 526 2957 1
560 2865 610 2958 D
641 2811 688 2955 Ἐ
724 2863 787 3001 Μ.

96 3107 382 3372 Qlantum
414 3110 648 3196 Beatitudini
687 3127 759 3220 tuae
801 3105 926 3190 debeo
960 3125 1116 3219 propter

102 3313 105 3319 ,
234 3235 267 3311 8.
287 3226 471 3336 Ephremi
488 3248 622 3330 opera,
649 3225 885 3333 plurimaque
901 3221 976 3303 alia
992 3223 1117 3303 indul-

234 3335 435 3450 gentiffimi
457 3333 606 3418 affecms
630 3333 829 3441 symbola,
859 3352 974 3443 prout
1000 3363 1048 3414 ex
1063 3335 1120 3414 ul·

95 3458 195 3538 timo
222 3453 431 3562 specimine
461 3448 509 3534 28
538 3449 671 3530 Martii
700 3446 794 3531 dato
823 3437 908 3527 satis'
942 3443 1115 3540 constat,

93 3594 184 3649 cum
210 3567 369 3675 eloquio
396 3591 477 3646 non
500 3564 662 3659 valeam,
697 3559 845 3644 filentio
866 3554 970 3668 quafi
994 3557 1119 3664 expri-

93 3707 198 3764 mam
228 3685 268 3761 8(
295 3677 556 3759 veneratione.
614 3675 741 3754 Multa
768 3671 864 3768 sunt,
901 3674 941 3750 8(
966 3669 1119 3766 caeteri5‚

93 3792 223 3889 credo,
251 3789 432 3872 omnibus
451 3789 600 3894 ignota,
623 3812 704 3894 quae
715 3784 764 3867 de
776 3777 967 3890 Dionyfio
978 3803 1120 3877 narras,

93 3908 296 4018 Scriptore‚
324 3899 389 4012 (ut
404 3928 451 3986 cx
474 3901 592 4003 literis
612 3900 683 3983 tuis
699 3895 824 4008 patet)
854 3920 921 4005 per
940 3895 1122 4088 Orierita-

143 4037 146 4042 ’
441 4027 443 4034 ’
704 4059 706 4064 ’
1062 4025 1124 4088 em
