2702 4442
199 119 265 210 60
320 115 385 212 D.
406 109 460 209 E.
488 109 891 246 BERNArtDr
934 106 1126 212 VITA.

197 305 284 362 rum
313 282 492 376 rationes,
532 279 686 359 calculis
713 278 887 360 accurare
916 276 1131 381 subductis,
1166 303 1232 362 err·

198 390 359 500 pendit,
387 391 640 500 omniumque
674 391 849 502 gentium
875 389 1108 474 celebriores'
1137 419 1228 502 epo-

196 503 304 601 chas,
330 500 352 583 l
375 504 574 614 principiis
588 499 659 584 rire
677 499 762 585 lixis
778 505 818 585 8<
835 501 1021 606 stabilitis,
1051 505 1108 586 ad
1126 531 1224 588 cour·

197 639 357 698 munem
391 616 544 724 periodi
574 612 731 722 Julianae
765 613 981 697 mensuram
1017 614 1219 718 dedullas,

198 725 497 833 lynclrronil'mis
522 728 767 810 continenter
800 727 1006 838 appofitis,
1047 729 1097 812 in
1117 731 1223 812 variis

197 837 346 922 tabellis
362 835 521 948 digellrt‚
548 858 592 921 nt
611 865 693 920 uno
721 840 866 922 intuitu
894 839 1086 948 facilique
1116 845 1228 924 oculo

197 949 323 1036 set'um
350 956 516 1034 invicem
532 951 701 1034 conferri
719 947 888 1062 pollrnt3
914 951 1090 1064 itemque
1101 959 1131 1037 F
1132 954 1231 1036 astos

196 1064 444 1166 Consulares,
478 1089 711 1176 omnemque
739 1065 1081 1174 chronologicam
1109 1093 1233 1150 rerum

198 1194 279 1258 tam
304 1179 490 1278 civilium,
518 1203 634 1287 quam
663 1173 865 1274 laetarum,
903 1205 925 1257 a
948 1179 1117 1262 Christo
1140 1199 1230 1264 nato

199 1315 266 1398 per
290 1292 452 1400 plurima
473 1287 594 1371 secula
619 1287 819 1398 gestarum,
859 1287 1064 1372 historiam
1089 1318 1142 1373 ex
1168 1321 1224 1372 ve·

198 1400 303 1483 mstis
323 1402 568 1501 membranis,
606 1401 787 1500 nummis,
813 1397 1223 1512 marmoribusqueor·

199 1515 364 1596 dinavit.
647 1543 651 1550 ·

198 1693 243 1772 Il.
281 1687 536 1772 calendarium
575 1687 848 1806 Ecclefiastimm
875 1683 924 1775 el
957 1691 1079 1774 Civile
1110 1697 1226 1804 plera·

252 1833 396 1916 rumque
424 1802 611 1886 Gentium.

254 1971 400 2050 Harum
427 1968 620 2079 praecipuae
650 1961 736 2048 sunt
766 1985 911 2048 veteres
928 1965 1054 2048 Graeci
1079 1969 1122 2048 8(
1148 1969 1229 2048 llo

195 2083 316 2169 mani,
356 2085 394 2163 lr.
420 2109 451 2162 e.
483 2100 562 2161 ram
593 2099 695 2177 ante,
730 2077 843 2190 quarn
866 2077 951 2186 post
971 2075 1230 2189 profligatam

199 2197 413 2300 Evangelio
449 2193 734 2290 idololatriam,
781 2211 1048 2300 receptamque
1081 2191 1227 2272 Christi

197 2308 405 2385 Salrororis
422 2303 547 2401 lidem,
565 2301 696 2402 Persae,
712 2305 751 2382 8(
769 2300 925 2400 Arabes,
943 2324 1026 2382 tum
1040 2305 1229 2384 broham-

199 2418 364 2512 medaui,
378 2438 459 2499 tum
476 2417 698 2513 Christiani,
714 2417 808 2521 Syri,
826 2415 1006 2521 Coptirae,
1020 2419 1063 2495 b<
1076 2417 1230 2495 AErbio-

197 2555 278 2636 pce,
305 2531 458 2640 aliique.
515 2533 629 2636 Opus
646 2528 992 2635 paritermagnum,
1019 2529 1062 2607 δ(
1080 2525 1225 2634 dignil-

195 2641 341 2739 limum,
373 2639 479 2750 quod
496 2640 535 2720 in
554 2637 743 2748 publicam
761 2643 883 2719 lucem
903 2639 1053 2736 edatur,
1089 2645 1227 2748 inquo

195 2755 243 2834 de
273 2755 376 2833 varii
404 2751 507 2861 apud
544 2755 612 2831 has
642 2771 786 2860 gentes,
821 2752 937 2832 variis
969 2749 1225 2860 temporibus,

197 2889 314 2971 prout
336 2869 470 2944 melior
492 2885 662 2943 motuum
681 2862 886 2944 eoelelliunr
914 2865 1089 2944 calculus
1108 2865 1224 2944 doen·

198 2977 290 3071 iller,
319 2975 578 3085 ‹lil'pofitione,
611 2977 776 3086 itemque
800 2975 848 3056 de
873 2973 971 3055 sellis
1000 2972 1143 3056 diebus
1158 3001 1225 3054 eu·

198 3087 403 3197 jul'turrque
423 3091 570 3195 generis
587 3086 738 3169 solerter
761 3089 866 3195 agit:
895 3091 934 3169 &
954 3087 994 3166 in
1013 3115 1097 3196 quo
1108 3090 1230 3169 etiam

196 3202 406 3280 innumeris
429 3202 505 3280 lere
533 3203 695 3299 illorum,
739 3204 803 3307 qui
839 3203 914 3279 hoc
943 3196 1080 3278 nobile
1111 3225 1232 3308 argu·

196 3333 369 3394 merrrunr
388 3310 869 3421 perrraillrunt‚erroribus
881 3310 1050 3391 modeste
1064 3313 1231 3421 castiga-

196 3427 274 3522 ris,
318 3427 598 3532 quamplurium
630 3451 734 3505 noun
765 3425 804 3502 bt
830 3426 990 3505 meliora
1021 3453 1069 3504 ex
1092 3452 1227 3505 manu-

199 3536 343 3644 l'rriptis
378 3534 577 3617 coelitibus
611 3556 802 3616 errnrutur.
862 3537 981 3644 Hujus
1013 3535 1111 3618 verb
1137 3536 1225 3617 libri

195 3651 313 3728 doleo
337 3651 470 3729 vitem.
506 3653 555 3726 D.
580 3649 788 3728 lle-niardus
811 3650 916 3729 euim
944 3648 1145 3754 cujusdam
1169 3647 1230 3730 bi-

197 3759 380 3868 bliopnlre
413 3759 627 3866 Lipfienlis,
675 3763 740 3867 qui
774 3782 865 3838 runc
899 3760 1028 3840 aderat
1059 3765 1225 3855 Oxonii,

196 3873 398 3952 blanditiis
425 3872 583 3964 delusio,
625 3875 722 3951 illius
763 3897 858 3950 cura?
893 3869 1092 3968 rornnrifit,
1122 3877 1224 3956 utin

197 3986 402 4066 Gerurnuil
433 3983 614 4076 ederetur,
654 3984 756 4090 quod
780 3982 948 4064 arturnre
969 3986 1006 4062 b<
1029 3987 1124 4066 eitra
1146 4013 1229 4066 mn·

1149 4124 1228 4180 ram
