2606 4454
247 200 562 286 {aratoria
601 198 893 310 Suuiipria',
977 210 1066 306 167

70 372 145 456 bin
164 393 231 454 me
245 366 416 464 inuasit,
460 395 535 453 nec
560 367 691 454 adhuc
717 367 906 461 deseruit,
938 397 1070 480 quem

64 506 289 594 cacodthen
306 530 375 594 aut
392 507 638 620 pruriginem
656 505 850 590 scribendi
865 506 989 622 vulgo
1006 507 1067 594 so·

64 647 156 731 lent
180 648 399 733 nominare.
425 718 430 724 .
470 644 599 753 Cujus
625 645 870 730 mentionem
903 668 988 730 non
1011 644 1070 731 fe·

64 782 163 870 cisse
187 783 364 868 ciuium
386 781 678 873 Aurelianum,
715 781 943 893 Principem
958 804 1068 870 ,vete-
1132 835 1134 843 =
1176 859 1177 865 a

7 937 8 940 ‘
66 947 159 1006 rum
176 923 280 1007 inter
296 921 508 1006 Romanos
534 917 820 1010 Medicorum,
855 921 1067 1006 inerudito

69 1057 146 1144 illo
168 1081 313 1171 opere,
349 1054 458 1166 quod
472 1055 522 1145 de
542 1058 681 1140 Acutis
698 1056 848 1140 morbis
862 1057 1068 1167 inscripsit,

71 1193 238 1282 subinde
260 1191 373 1280 soleo
392 1193 535 1278 mirari.
562 1193 752 1308 Ignotum
780 1191 860 1276 illis
879 1196 1068 1305 tempori·
1108 1217 1119 1246 ·

73 1335 145 1417 bus
161 1331 274 1416 liiiffe
296 1332 410 1422 facile
429 1330 530 1414 mihi
557 1331 651 1415 esset
675 1333 866 1424 asserere,
911 1333 983 1416 nisi
1004 1353 1068 1417 tot

72 1472 328 1580 antiquorum
344 1467 578 1580 scriptorum
599 1470 726 1552 moles
743 1468 925 1586 obstaret.
962 1469 1008 1549 N
1011 1447 1069 1552 us·

71 1635 193 1717 quam
214 1628 344 1691 autem
363 1605 479 1690 latius
496 1606 682 1716 grassatur
702 1605 856 1698 hodie,
891 1633 1009 1716 quam
1029 1638 1069 1690 a·
1165 1709 1168 1714 Ι

71 1743 155 1856 pud
180 1741 469 1833 illustrillimam
489 1770 649 1855 gentem
669 1743 969 1828 Germanorum.
995 1742 1071 1824 AE·

71 1877 275 1994 gritudine
298 1911 394 1968 vero
426 1882 494 1964 illa
519 1909 583 1964 me
617 1909 780 1992 quoque
811 1883 934 1964 teneri
954 1879 1069 1964 facile
1177 1909 1179 1913 ·

75 2020 180 2110 tibi,
226 2041 272 2104 ut
297 2018 347 2103 de
367 2019 505 2104 ceteris
524 2048 608 2102 non
625 2019 751 2103 dicam
775 2071 788 2110 ,
835 2017 914 2104 hoc
938 2045 1067 2104 excre-

72 2153 500 2258 mentumtestabitur,
546 2155 655 2266 quod
685 2137 970 2269 explorandum
993 2139 1068 2252 tibi

73 2273 224 2386 initio,
277 2316 476 2404 tanquam
511 2299 581 2378 uni
611 2292 776 2376 exsiliis
810 2293 1066 2378 medicorum.

74 2430 235 2540 Qubus
261 2433 363 2516 inter
384 2435 581 2544 praecipua
602 2431 694 2513 artis
722 2458 859 2515 arcana
876 2431 963 2520 est,
1000 2460 1068 2515 iia-

74 2589 201 2651 turam
226 2569 356 2652 morbi
384 2579 424 2654 &
459 2567 638 2678 corporis
670 2567 994 2651 constitutionem
1018 2597 1067 2653 ex

73 2705 176 2790 lotio
206 2707 372 2814 aliisque
407 2705 596 2790 similibus
634 2704 831 2816 expiscari.
901 2703 1067 2815 Hippo·

73 2863 219 2927 cratem
237 2867 304 2926 aut
332 2843 530 2926 Galenum
560 2841 728 2926 vestrum
755 2837 933 2924 nondum
956 2839 1067 2954 legi,

74 2981 173 3092 saepe
201 3003 333 3065 tamen
353 3009 486 3064 meum
512 2980 676 3092 cogito,
713 3008 764 3065 an
785 3006 869 3062 non
890 2980 991 3063 mihi
1009 3007 1067 3061 re-

75 3116 303 3228 cipiendum
347 3113 466 3226 (urar
496 3117 648 3200 solenni
678 3115 878 3228 formula)
924 3117 1067 3200 silentii

73 3253 255 3366 aliquid,
297 3251 426 3339 donec
442 3253 631 3363 judicium
660 3253 980 3346 maturum-erit,
1027 3263 1067 3335 ὃς

72 3387 351 3479 abstinendum
377 3390 606 3502 aliquandiu
636 3393 657 3470 ὲ
683 3390 895 3498 conspedlu
924 3392 1066 3502 Typo-

70 3528 328 3646 graphorum.
383 3529 462 3613 Sed
481 3529 584 3616 nihil
600 3526 667 3609 hic
689 3527 814 3612 audeo
832 3525 988 3609 medico
1009 3529 1067 3606 in·

614 3665 647 3748 L
683 3693 716 3768 4
879 3662 1069 3747 consulto·
