2646 4448
201 192 280 274 ,το
316 167 380 272 D.
408 168 461 269 Ε.
488 157 882 272 BERNARDI
922 161 1125 277 VIM

212 341 537 421 Baeculaureatum
556 335 598 418 itt
626 332 726 420 sacer
746 333 1229 468 Theologictcopeffivitt

212 471 291 559 quo
306 447 423 558 gradu
451 451 491 528 &
515 449 642 547 titulo,
679 469 769 530 eum
785 446 935 538 stetutrs
960 452 1002 532 δε
1035 452 1227 541 voluntati

212 559 443 644 Fundatoris
472 558 528 641 soi
560 581 708 643 morem
729 553 901 672 geffiffet,
932 559 998 646 diu
1025 567 1228 650 contentus

212 673 324 768 vixit,
351 672 467 779 eique
484 671 560 753 fuit
578 667 776 771 modestia,
803 695 901 786 pene
919 672 1067 782 inexpu
1125 671 1224 778 abui,

212 806 269 880 ut,
311 808 393 864 non
427 781 495 863 nifi
524 782 608 891 post
636 785 780 866 multos
804 805 948 882 annot,
981 790 1032 882 ad
1079 809 1219 870 nmmos

212 895 385 977 honores
403 894 442 976 in
462 892 530 974 ista
550 892 731 977 facultate
754 890 1044 1008 consequendos
1067 895 1222 1010 aspirare

212 1007 339 1088 veliet.
793 1051 794 1056 Ν
1019 1049 1021 1054 ·

234 1149 239 1157 ’
269 1123 461 1228 Vergerrtc
488 1114 537 1198 ad
560 1109 674 1198 finem
691 1143 797 1200 anuo
814 1117 935 1200 medii
962 1116 1117 1224 hyeme,
1154 1117 1227 1198 vir„

213 1227 341 1310 mense
361 1225 577 1326 Decembri,
606 1223 741 1337 spretis
772 1228 906 1340 sosque
934 1229 1063 1338 deque
1088 1225 1225 1312 habitis

213 1341 307 1421 forti
324 1341 458 1421 auimo
472 1339 634 1421 difficilis
643 1341 852 1422 admodum
867 1368 912 1422 ac
925 1339 1145 1450 periculose
1160 1365 1226 1422 na·

214 1452 431 1560 rigationis
459 1449 652 1552 molestiis,
688 1452 897 1534 studiorum
922 1451 1048 1551 causa,
1083 1449 1233 1564 Lugdu·

214 1589 307 1643 uum
327 1566 556 1644 Batavorum
588 1557 624 1641 se
654 1565 832 1663 contulit,
866 1569 945 1646 tum
962 1585 1004 1646 ut
1033 1565 1230 1674 ingentem

214 1678 312 1756 MSS.
330 1676 511 1756 codicum
527 1673 794 1775 Orientalium,
815 1700 913 1785 quos
930 1675 1113 1757 Virorum
1132 1674 1230 1758 sum·

210 1784 536 1894 morurrr‚Josephi
552 1786 729 1895 Scaligeri
742 1790 782 1867 ὃ(
796 1786 928 1869 Leviui
943 1789 1133 1888 Warneti,
1151 1788 1232 1896 pie·

212 1915 270 1979 tas
290 1901 433 1979 ultimis
448 1895 598 1978 tabellis
619 1901 821 2002 legaverat,
853 1898 1005 2008 copiam
1024 1923 1159 1982 coram
1180 1899 1232 1978 in·

212 2006 382 2116 spiceret,
411 2007 609 2116 sedulaque
634 2034 750 2090 manu
778 2007 966 2108 traderet,
994 2011 1230 2109 tumetium,

211 2125 251 2202 8<
292 2121 477 2226 precipue
508 2121 678 2226 quidem,
717 2139 758 2202 ut
776 2121 807 2221 i·
840 2124 1076 2203 V.V1.·V11.
1115 2119 1231 2205 libros

212 2231 416 2311 Coniectum
434 2232 632 2336 seciionrm
654 2233 855 2338 Apollonii
882 2234 1037 2338 Pergaei,
1066 2257 1230 2342 quotum

214 2363 338 2422 textus
364 2350 515 2426 Graecus
551 2341 664 2450 plauit
694 2342 916 2452 deperditus
937 2344 1001 2442 est,
1020 2343 1080 2423 'iu
1099 2343 1231 2428 codice

215 2451 379 2536 Arabico
409 2452 511 2563 apud
540 2451 705 2536 lraercdes
725 2455 810 2536 Viri
837 2451 1142 2561 prestantissirni,
1172 2453 1231 2562 Ja-

212 2564 300 2648 cobi
321 2566 442 2662 Goiii,
473 2563 540 2672 qui
555 2565 663 2646 illum
682 2591 769 2646 cum
790 2566 921 2647 multis
940 2568 1023 2648 aliis
1037 2569 1233 2676 quantivis

212 2679 326 2785 pretii
344 2679 384 2758 iu
403 2678 576 2772 Oriente,
608 2678 785 2758 omnium
803 2675 1119 2789 ferdiinguarum
1136 2673 1233 2760 Afra·

212 2791 397 2886 cicurum,
436 2790 679 2896 omniumque
707 2806 1022 2898 argumentorum
1049 2785 1226 2900 diligenti

209 2901 507 3008 investigatione
537 2903 578 2980 8<
593 2900 767 2982 maximis
790 2895 1005 3010 sumptibus
1023 2899 1224 3012 acquifive·

210 3031 282 3106 rat,
321 3009 505 3093 exstantes
520 3011 766 3095 examinaret.
821 3014 889 3092 ilie
905 3005 957 3093 ab
984 3006 1122 3096 iisdem
1144 3031 1227 3120 per·

210 3148 325 3232 ipram
362 3118 549 3204 benevole
580 3139 760 3231 exceptus
796 3139 891 3222 erat,
933 3123 998 3232 qui
1030 3149 1104 3234 pro
1128 3139 1232 3205 certo

211 3233 335 3315 edodti
354 3260 403 3314 cx
421 3235 583 3345 ingenui
597 3237 647 3317 D.
664 3232 842 3316 Bernardi
859 3230 1107 3335 confeffioue,
1129 3235 1231 3316 hunc

209 3344 282 3426 esic
307 3346 538 3454 precipuum
558 3345 705 3428 itineris
729 3345 833 3428 istius
853 3341 1024 3456 scopum,
1058 3344 1231 3429 codicem

209 3459 318 3538 illum
344 3458 448 3537 illius
463 3451 627 3538 arbitrio
653 3458 765 3541 omni
800 3482 887 3539 cum
908 3455 1029 3539 animi
1050 3457 1233 3541 facilitate

208 3574 248 3650 d(
267 3567 570 3678 promptitudine
587 3565 815 3679 permiiiue3
841 3565 991 3680 tresque
1011 3571 1101 3653 illos
1117 3566 1233 3654 libros

248 3791 268 3862 †
287 3793 397 3865 Septem
417 3789 448 3850 hi
461 3789 524 3851 iibri
538 3791 566 3850 iu
587 3789 708 3868 linguam
726 3789 867 3851 Arabicam
886 3789 1006 3853 conversi
1019 3801 1227 3869 mutemporc

211 3867 244 3924 ul
258 3868 395 3928 trumonis.
434 3874 475 3932 lu
487 3869 634 3947 Gregorius
643 3868 856 3949 Abulpherrgius
868 3867 898 3930 irr
912 3867 1227 3952 uistmauymfflmo,

210 3949 333 4025 Μ’
1095 4019 1228 4112 terte-
