2576 4464
243 261 554 354 Errrrorr
593 267 895 356 Srrrcru.
1035 301 1064 387 7

59 418 151 544 Qri
169 429 304 542 potest
322 425 471 514 nebulo
490 426 559 510 ille
584 423 810 514 evidentius
828 407 1033 525 ostendere
1050 487 1064 533 ‚

53 569 95 655 se
111 569 254 654 virtuti
279 567 425 652 bellum
443 564 654 654 indust,
700 594 823 678 quum
841 571 883 654 iu
914 573 1065 660 lumina

1 715 2 756 ⁷
52 705 126 792 illa
154 704 329 790 coelestia
358 703 605 814 blasphemus
623 703 717 786 est?
761 703 827 788 sed
845 712 935 818 quis
954 737 1063 798 vetet

1 899 3 944 r
54 871 213 936 canes,
251 851 292 928 &
313 842 467 926 Lunam
486 839 702 954 allatrare?
745 845 891 930 munda
909 870 1062 935 tantum

57 1002 242 1092 quaerunt
258 1007 373 1065 canes
391 978 468 1070 isti,
486 963 805 1089 qurei'nquinent.
843 981 921 1066 Sed
940 1013 1060 1096 quam

65 1122 215 1205 :eternis
242 1117 488 1232 stigmatibus
520 1115 644 1199 inurit
669 1103 867 1222 &ululari
895 1121 963 1206 ille
993 1123 1062 1208 her

64 1285 126 1342 ros
141 1255 326 1343 alastoras
342 1253 457 1344 illos,
479 1252 657 1366 &pestes
672 1253 917 1342 litterarum?
945 1256 1062 1351 ¹Indi-

60 1419 162 1509 gnor
179 1391 289 1511 apud
307 1419 382 1476 nos
407 1419 569 1502 quoque
588 1392 780 1504 reperiri,
825 1397 895 1503 qui
921 1397 1062 1486 malint

60 1531 232 1622 aemulari
249 1531 488 1644 improbos,
533 1555 653 1640 quam
672 1531 883 1642 agnoscere
898 1535 1036 1620 merita
1044 1578 1061 1633 ς

57 1669 122 1756 sed
139 1669 338 1758 bercer,
373 1663 484 1778 quod
499 1667 568 1750 vir
586 1694 687 1750 unus
706 1675 747 1752 &r
767 1669 873 1753 alter.
912 1671 1060 1756 Galeri

1 1913 2 1916 Ν
59 1809 157 1892 boni
166 1805 359 1916 doeique
374 1800 578 1889 nobiscum
597 1804 960 1916 optimedelitteris
977 1838 1060 1895 me-

58 1943 178 2034 ritum
190 1945 321 2037 virum
340 1942 418 2054 piis
438 1949 478 2026 &
497 1939 628 2026 faustis
638 1939 744 2028 votis
753 1943 1059 2056 prosequuntur,

1 2070 2 2118 ³
61 2089 106 2166 &
124 2082 266 2195 gratias
283 2081 525 2166 immortales
547 2097 690 2192 agunt,
725 2109 803 2194 pro
820 2101 882 2165 tot
898 2085 1058 2194 praecla·

59 2219 110 2304 ris
127 2249 173 2303 ac
189 2217 405 2304 reconditis
420 2215 615 2308 inventis,
652 2241 739 2324 quae
756 2220 988 2304 miraculum
1008 2221 1058 2306 il-

59 2347 127 2440 lud
142 2379 316 2448 naturae,
351 2379 432 2442 tam
456 2353 564 2464 larga
581 2379 699 2439 manu
726 2355 866 2467 pandit
895 2366 935 2439 &
954 2357 1060 2467 spara

60 2495 125 2606 git.
183 2493 234 2576 Ei
247 2521 319 2606 per
335 2491 580 2576 occafionern
599 2488 762 2605 salutem
784 2491 1057 2603 obsequiosam

61 2658 166 2716 ame
192 2629 351 2720 dicito:
399 2628 472 2712 nisr
496 2651 729 2738 argumento
763 2631 899 2738 aliquo
929 2629 1058 2723 dato,

62 2794 138 2854 non
166 2753 295 2857 audeu
325 2768 507 2852 inanibus
551 2765 651 2858 tanti
682 2769 756 2848 viri
792 2769 1058 2878 cogitationes

66 2904 350 3018 interrumpere,
419 2904 488 2984 Tu
518 2904 610 2987 vive
630 2951 643 2991 2
680 2902 847 3011 valeque
865 2911 905 2986 &
923 2931 999 2985 nos
1017 2935 1057 2988 a*

68 3071 161 3129 mare
174 3069 329 3156 perge,
373 3040 510 3151 pellus
538 3035 879 3130 candidillrmum‚
914 3041 1057 3124 cariffi„

66 3196 255 3293 mumque.
325 3180 516 3261 Gruterus
545 3174 755 3286 plurimam
792 3179 954 3262 salutem
982 3178 1056 3262 ribi

1 3339 2 3430 J
62 3315 160 3400 dicit.
197 3314 319 3400 credo
354 3313 435 3424 jam
461 3314 648 3402 Tacitum
684 3313 768 3422 ejus
811 3315 859 3398 ad
894 3337 934 3398 te
969 3343 1057 3426 per-

29 3457 238 3551 ·veniss'e;
282 3454 473 3566 indignor
524 3477 609 3535 non
646 3448 910 3536 charauerum
955 3479 1055 3560 quo-

62 3613 136 3702 que
152 3590 399 3680 mundiciem
425 3591 516 3728 mom
542 3587 669 3676 labori
705 3589 902 3674 accesfisse.
974 3589 1056 3672 Sal·

604 3727 641 3808 A
677 3749 710 3833 4
1005 3752 1055 3808 ve
