2606 4454
216 181 278 274 x‘
448 169 522 265 Da
556 171 671 295 Vita,
707 166 891 298 Studiis,
928 177 1011 271 &o

216 363 291 448 que
320 333 560 448 diligentem,
601 334 934 441 explorationem,
972 336 1051 418 hoc
1082 359 1225 447 quoque

214 450 394 546 aliorum,
423 447 489 558 qui
514 444 767 546 succederent,
795 471 889 530 cura
906 451 946 529 sit
965 447 1154 531 industria
1178 475 1226 531 re·

214 561 399 671 linquere,
426 556 630 640 relusiante
655 557 744 639 licet
763 560 908 660 anitno,
936 557 1155 668 cogebatur.

270 671 432 755 Felicior
447 691 576 752 autent
591 668 670 750 fuit
688 670 730 752 in
751 667 858 755 libris
875 673 1057 779 llplrremi
1071 676 1152 782 Syri
1165 699 1217 752 se·

213 783 367 881 nandis,
397 805 563 891 quorum
581 783 729 891 aliquos
753 783 795 864 in
813 778 907 864 orbe
926 783 1163 884 Christiano,
1186 803 1222 864 ut

213 916 326 1007 puto,
352 895 566 1006 ignoratos,
598 893 825 975 Patriarcbae
859 897 1098 978 Antiocheni
1122 894 1224 978 bene·

215 1007 306 1089 ficio
336 1007 516 1116 adjutus,
552 999 748 1115 auspicatd
777 1007 905 1088 nasius
944 1007 1007 1090 est.
1063 1007 1225 1117 inprimis

213 1117 306 1202 verb
333 1113 516 1201 recenseri
548 1115 689 1199 debent
721 1119 823 1200 illius
860 1119 901 1199 in
935 1121 1223 1202 pentateuchum

214 1230 536 1327 Commentarius,
549 1236 590 1312 8<
608 1227 782 1338 quadam
802 1231 988 1312 Homiliae.
1025 1233 1123 1314 Non
1136 1233 1224 1313 enim

215 1363 295 1426 erat
312 1339 629 1454 exspesiandum,
671 1360 713 1420 ut
732 1365 867 1424 omncs
888 1345 1017 1444 suetae,
1042 1370 1143 1452 quos
1163 1343 1226 1423 soe-

215 1454 381 1537 cundum
415 1453 611 1564 ingenium
637 1447 848 1538 sandiffini
876 1455 979 1537 illius
1007 1459 1106 1554 Viri,
1151 1453 1227 1534 ver'e

215 1569 363 1678 magni,
393 1592 473 1647 non
502 1564 556 1646 ob
574 1564 791 1672 dignitates,
827 1592 922 1673 quas
950 1566 1143 1649 aversatus
1168 1565 1227 1662 esi,

215 1679 320 1772 &ad
339 1703 432 1787 quas
455 1674 694 1784 capessendas
711 1680 814 1758 nullo
830 1679 954 1759 niodo
972 1682 1149 1787 compelli
1165 1703 1228 1786 po

214 1791 302 1889 tuit,
339 1792 400 1871 sed
422 1787 476 1870 ob
502 1787 683 1869 summam
709 1792 796 1869 virae
827 1787 1129 1890 sansiimoniatn,
1156 1817 1228 1872 non

217 1904 360 1983 minori
375 1903 593 1983 humilitate
606 1901 919 2008 conjunsianr,ob
933 1906 1055 1984 zelum
1074 1906 1114 1982 in
1132 1901 1231 1983 rebus

216 2013 341 2111 sarrit,
368 2012 423 2094 ob
449 2009 633 2094 assiduum
663 2013 702 2092 in
723 2015 920 2120 Scripturis
935 2013 1170 2121 explicandis
1190 2038 1229 2091 u·

215 2124 296 2206 suna
320 2128 360 2205 in
377 2120 677 2235 frequentissimis
699 2125 746 2205 ad
765 2127 951 2234 populum
974 2127 1163 2223 Homiliis,
1182 2123 1230 2206 ob

216 2237 382 2342 denique
403 2240 632 2349 elegantiam
653 2234 834 2318 sermonis
859 2235 1057 2335 extulisset,
1085 2242 1126 2317 dc
1141 2261 1229 2345 quos

216 2348 361 2432 Graecia
389 2347 453 2429 snt
480 2350 607 2459 lingui
627 2345 829 2428 conversos
857 2348 999 2428 dudum
1026 2348 1227 2456 legebat&

217 2463 354 2541 mirata
378 2463 443 2562 esi,
475 2487 538 2569 per
567 2460 741 2541 undecim
760 2484 951 2540 annorum
965 2464 1162 2556 centurias,
1192 2463 1226 2540 iu

215 2574 280 2654 isizi
299 2574 485 2654 horrendi
520 2597 644 2653 rerum
664 2570 903 2679 catastrophe
934 2572 982 2652 ad
1013 2570 1138 2653 nolira
1156 2576 1227 2651 hac

215 2705 385 2792 tempora
405 2683 530 2764 adbuc
553 2682 800 2764 servarentur.

273 2793 351 2876 Ubi
377 2795 467 2877 vero
495 2796 592 2877 sacer
616 2793 680 2874 ilie
699 2790 917 2875 Thesaurus
937 2795 974 2873 in
996 2792 1139 2876 aedibus
1157 2798 1225 2874 Re-

215 2908 356 3015 ligiosrs
376 2905 572 3016 repostus,
607 2909 713 2985 nullo
734 2907 859 3014 pretio
879 2903 1114 3013 interposto,
1147 2902 1222 2986 abs-

216 3044 290 3124 que
310 3017 492 3125 sacrilegii
524 3039 651 3113 reatu,
690 3019 846 3098 alienari
883 3016 1017 3125 pollet,
1054 3016 1159 3121 (hoc
1187 3047 1219 3095 c-

215 3133 293 3208 nirn
308 3129 420 3237 ipsius
437 3136 476 3211 ὃ(
511 3131 662 3210 illorum
684 3131 803 3236 pietas
821 3133 860 3208 {a
879 3131 1017 3239 religio
1042 3129 1147 3236 plani
1160 3151 1220 3206 ve·

215 3239 388 3345 tubrunt)
417 3244 464 3323 de
491 3243 538 3323 iis
564 3239 818 3322 exscribendis
842 3241 1131 3322 Amanuenliutu
1147 3263 1220 3317 non

214 3349 377 3459 ignobili
409 3379 560 3434 munere
591 3353 864 3434 condttsiorum
896 3380 969 3462 ope
994 3349 1123 3433 sedulis
1141 3374 1217 3431 cau·

214 3487 296 3546 tum
315 3484 405 3544 ctat.

269 3578 338 3656 Sed
366 3573 553 3684 ejusmodi
584 3578 726 3668 Studia,
769 3575 906 3684 quibus
927 3602 1005 3657 non
1031 3591 1215 3683 captantur

213 3691 344 3792 <aprima
373 3689 587 3768 Sacerdotis
610 3709 674 3766 :sarr
696 3689 938 3795 Dignirarm,
969 3687 1217 3797 susquedeque

215 3797 418 3898 habentur,
446 3827 489 3880 ac
511 3796 645 3879 misere
662 3799 827 3908 neglcsia
847 3803 992 3905 jacent..
1018 3801 1114 3901 Quis
1127 3798 1215 3880 enim

212 3913 534 4014 interpretandi&
545 3911 828 3995 commentandi
844 3907 1014 3996 laborem
1030 3908 1217 4028 suscipies?

1145 4039 1217 4130 qun
