2604 4462
241 215 903 322 -ErtrronmSnnncrm
982 260 1069 348 109
1138 273 1145 284 ⁵

24 599 33 606 .
265 511 873 614 erratorum
956 461 958 466 Ι
1044 459 1057 644 ΔῘ

300 814 410 900 Clari
434 843 509 900 tmo
543 811 844 929 Duliifflmoque

442 1073 694 1180 VIRO

45 1269 413 1492 ¹PETRO
463 1287 1064 1430 SCRIVERIO

149 1585 154 1590 ⁵
298 1579 540 1692 Amicimur
559 1631 633 1691 unu
651 1601 835 1692 emultit
973 1643 1050 1709 =,

556 1933 788 2055 Lugdunum
800 1942 1057 2029 Batavorum

55 2199 276 2436 priores
294 2200 419 2319 Lipsri
435 2204 485 2290 ad
497 2203 686 2298 Douzasl
722 2204 943 2294 Clariffime
957 2205 1058 2290 Scri-

187 2343 290 2437 veri‚
324 2371 410 2431 non
426 2345 536 2434 misr,
582 2342 692 2454 quod
713 2371 778 2428 eas
799 2342 875 2431 elle
892 2343 999 2454 apud
1017 2366 1058 2428 te

54 2483 192 2566 nullus
209 2479 440 2566 dubitarem.
510 2479 587 2566 Sed
610 2509 700 2564 tum
721 2488 761 2563 δι
786 2507 851 2565 eas
867 2507 941 2569 vos
959 2479 1057 2564 desa·

55 2619 197 2704 derare
214 2617 499 2732 intelligerem,
528 2646 580 2701 en
598 2619 722 2708 habe,
756 2619 844 2700 sunt
867 2637 998 2702 autem
1025 2617 1055 2702 fi

56 2755 159 2840 bene
181 2754 371 2842 calculum
387 2754 501 2865 posui
521 2757 576 2864 38
597 2782 792 2852 numer05
838 2754 981 2864 quibus
1007 2753 1052 2836 in

5 2957 7 2970 .
58 2918 137 2976 rem
158 2889 322 2978 vestram
343 2899 383 2975 δι
409 2877 638 2978 litterariam
657 2893 739 2984 uti,
765 2890 843 2975 frui
887 2890 1023 2976 licebit
1040 2940 1074 3004 „

61 3025 193 3114 modo¹
203 3028 255 3113 'ad
272 3055 338 3112 me
354 3027 527 3115 redeant.
597 3032 696 3116 Sunt
712 3031 815 3112 inter
833 3055 898 3113 ear
909 3029 1054 3114 breves

60 3166 239 3273 quadam
267 3174 307 3248 &
333 3195 417 3250 non
446 3168 582 3282 magni
600 3167 698 3252 adeo
716 3167 941 3258 momenti,
985 3162 1052 3248 sed

55 3327 129 3388 vot
146 3303 202 3388 de
218 3303 269 3387 iis
285 3329 334 3387 ex
347 3301 486 3412 judicii
501 3303 617 3388 vestri
635 3303 827 3388 sententia
842 3327 956 3416 agere
977 3329 1052 3411 po-

53 3441 193 3526 teritis.
264 3439 358 3524 Nec
403 3440 616 3552 quicquam
645 3461 746 3551 puto
770 3441 814 3522 in
841 3441 890 3524 iis
915 3441 1050 3528 latere,

52 3577 168 3701 quod
186 3576 387 3689 cujusdam
403 3575 551 3667 famam
570 3577 716 3672 laedat,
758 3596 826 3665 aut
842 3573 1053 3666 Nobiliffi-

980 3738 1055 3794 mae
