2644 4466
106 274 112 302 .
176 266 178 272 -
270 163 328 318 'aa
374 221 581 301 nonunt
610 219 857 304 arenant
893 215 1277 296 uersatam*

276 343 921 512 tandumdem,
938 337 1273 510 lellltl‘e‘tlz

281 503 360 564 malo
370 499 459 580 eglise
468 503 547 564 dolo.
557 501 606 564 sed
616 521 685 564 cum
695 501 772 564 nihil
783 502 840 564 tale
849 498 924 560 malu
933 517 1004 558 curn
1014 497 1068 557 allo
1078 494 1271 568 intercedat,

279 599 319 640 ne
342 579 501 654 dubitabis,
526 597 608 660 puto,
628 582 702 659 quin
725 579 786 642 hee
803 578 904 640 omnia
925 575 1036 638 smeero
1204 572 1270 636 sant

318 659 400 718 olata.
439 658 492 718 Sin
505 677 576 718 veto
588 657 668 734 spem
690 659 779 730 illam,
799 677 887 736 quam
898 654 930 714 in
945 669 975 714 te
987 658 1046 710 Tan
1058 671 1118 710 mus
1129 649 1271 730 postetam

280 676 450 797 {defixam
462 736 551 799 unice
563 735 656 809 habet,
675 733 756 814 quod
768 753 857 794 omen
877 746 986 821 avertat
997 729 1092 818 Deus,¹
1106 727 1221 790 falsam
1232 729 1269 792 bc

280 811 400 874 inanem
412 814 567 887 invenerit,
583 812 617 873 ad
627 833 675 873 me
688 811 783 874 statim
793 823 953 881 convertet,
965 829 997 868 an
1011 805 1073 867 ltaec
1084 825 1270 887 arnampene

282 891 379 954 verba.
415 890 446 952 Ο
459 911 515 966 me,
534 889 672 954 cariffime
685 889 793 963 Tutor,
812 888 977 950 infelicem!
999 885 1029 946 0
1041 884 1269 945 termisemml

280 986 335 1044 per
359 965 412 1029 hos
433 987 489 1045 ego
518 967 567 1028 laic
595 969 716 1030 retineri
738 989 800 1030 non
821 963 945 1046 polium,
964 982 1039 1041 quos
1059 980 1119 1051 ego
1139 960 1270 1040 semper

263 1045 461 1106 'salutismee
474 1045 613 1121 rubores,
637 1063 713 1126 quos
733 1047 857 1123 insignes
881 1041 1029 1118 adjutores
1046 1038 1122 1100 nnha
1146 1059 1271 1130 propo,

164 1193 168 1200 ¹
280 1121 411 1184 sueram?
440 1123 527 1200 Quid
545 1126 725 1186 commerui?
757 1125 858 1199 Quam
879 1122 1005 1197 culpam,
1032 1115 1113 1194 quod
1137 1137 1269 1180 eramen

282 1199 449 1279 delignavi?
481 1202 559 1278 Quae
570 1202 627 1276 vis,
645 1217 709 1278 quae
723 1201 882 1262 infelicitas
893 1217 958 1258 mea
976 1193 1130 1284 illosmihi
1142 1197 1270 1273 eripuit

281 1275 348 1362 post
357 1295 402 1340 tot
411 1277 526 1340 sudatos
537 1281 569 1339 in
580 1280 674 1340 literis
685 1279 884 1357 labores‚quos
894 1271 1011 1352 agrestis
1021 1269 1173 1362 rusticitas
1181 1293 1269 1347 mea,

282 1358 410 1417 eximios
419 1359 520 1438 potuit
531 1357 637 1418 sentite
649 1358 852 1418 auxiliatores?
871 1353 902 1414 0
914 1353 995 1414 illam
1007 1366 1087 1411 tuam
1098 1367 1269 1414 caritatem

281 1434 407 1514 prodige
428 1437 517 1495 nimis
542 1436 575 1494 in
596 1453 645 1494 me
669 1434 791 1498 effusam
815 1435 845 1495 be
869 1433 1011 1501 collatam,
1038 1447 1120 1488 nunc
1146 1425 1269 1490 fruteta

282 1513 467 1588 inaniterque
478 1511 654 1590 susceptam!
687 1513 774 1590 Quin
784 1513 880 1571 ullum
890 1508 1011 1579 amoris,¹
1019 1506 1140 1593 nullum
1152 1502 1266 1581 studii,

282 1591 401 1650 nullum
414 1589 534 1668 pietatis
543 1587 676 1653 officium
689 1589 853 1661 omittebas,
871 1607 934 1666 quo
953 1605 1001 1646 me
1011 1583 1068 1645 tibt
1079 1581 1270 1646 deviraffiffia

171 1735 174 1742 ,
284 1685 370 1730 mum
383 1665 526 1729 redderes.
566 1663 773 1742 Defunctum.

541 1852 546 1864 '
608 1884 807 1960 uarat.
849 1885 925 1961 xv.

379 2127 382 2134 Ι
514 2044 864 2114 ouuarrssrno
895 2039 1019 2104 vtro

409 2155 473 2281 D.
519 2159 801 2298 Joau-ut
853 2162 1120 2261 Cussco.
1177 2263 1181 2271 ,

386 2361 453 2424 UO
479 2364 620 2438 maiorem
644 2363 832 2443 voluptatem,
857 2361 915 2424 sem
954 2382 969 2423 r
989 2359 1110 2442 presens
1130 2377 1269 2438 exprae-

399 2441 487 2502 l'entis
507 2443 552 2502 tui
576 2444 738 2520 prudentia,
760 2443 792 2502 in
816 2382 981 2502 domeliiecis
999 2437 1103 2500 nostris
1120 2440 1269 2502 motilitas

283 2517 427 2593 sapienter
448 2519 590 2591 sedandis,
617 2522 768 2582 literarum
787 2515 889 2579 lludiis
933 2519 1066 2595 iligenter
1089 2515 1268 2579 excitandis

284 2600 444 2678 capiebam,
468 2596 643 2659 ornatillime
669 2597 725 2672 vit,
743 2617 779 2656 eo
791 2597 908 2673 gravius
927 2593 1062 2673 equidem
1077 2593 1268 2658 &acerbius

281 2697 366 2738 nunc
387 2676 459 2748 fero,
481 2676 551 2734 talia
562 2693 692 2754 tempora
705 2672 769 2754 post
790 2692 875 2735 tuum
898 2670 1054 2751 digrellum
1075 2667 1130 2731 else
1153 2673 1269 2734 conse·

284 2773 393 2829 quuta;
412 2768 450 2812 ut
469 2772 515 2812 eas
540 2753 637 2814 literas
660 2752 695 2812 ad
717 2769 747 2812 te
771 2750 975 2830 pernecessario
993 2749 1158 2819 scriberem,
1190 2767 1269 2827 quae

284 2849 441 2892 maerorem
464 2849 563 2890 meum
586 2832 768 2910 precipuum
789 2831 900 2909 potius,
917 2850 952 2890 ex
973 2825 1112 2889 desiderio
1135 2829 1270 2890 consali-

284 2927 373 2968 0rum
395 2924 529 2972 tuorum:
543 2911 651 2983 qttibus
673 2909 834 2978 camimum
854 2923 942 2984 quam
962 2906 1051 2965 ullam
1063 2921 1270 2969 communem

284 2987 426 3056 laetitiam,
446 3004 480 3044 ex
503 2985 603 3048 frustu
626 2983 794 3059 eorundem,
813 2985 921 3061 quibus
942 3003 1003 3046 non
1025 3001 1127 3043 omnes
1153 2979 1200 3044 uli
1215 2983 1271 3044 su-

285 3081 362 3136 mus,
390 3061 574 3123 declararent.
623 3064 667 3124 Eo
686 3063 767 3122 enim
790 3081 870 3124 nunc
893 3061 1089 3139 perducimur,
1123 3075 1159 3119 ut
1180 3061 1269 3137 quid

283 3141 343 3215 jam
358 3140 483 3216 amplius
495 3159 530 3198 ex
545 3137 685 3200 consensu
699 3133 750 3199 illo
761 3138 915 3218 bonorum,
934 3154 970 3198 ut
982 3137 1151 3218 putabatur,
1170 3137 1211 3198 ad
1227 3141 1272 3200 li-

285 3235 359 3282 teras
381 3215 562 3289 excolendas,
581 3217 615 3276 ad
638 3218 818 3279 turbulentas
838 3215 1022 3295 quorundam
1037 3213 1199 3275 hominum
1216 3218 1271 3280 in.

284 3295 451 3356 tolerantias
464 3295 645 3366 coercendas,
655 3295 726 3355 licet
738 3297 866 3356 multum
880 3295 992 3374 semper
1001 3289 1101 3353 caulsa
1114 3291 1269 3371 suscepte

282 3370 430 3433 honestate
442 3373 521 3444 nixo,
531 3373 693 3450 plurimum
704 3392 799 3433 tamen
814 3371 974 3451 prudentiae
984 3383 1042 3430 tue
1053 3367 1270 3436 moderatione

283 3447 420 3512 haetenus
440 3467 563 3522 retento,
585 3451 755 3530 sperandum
768 3452 811 3522 stt,
830 3451 939 3510 nescio.
960 3449 1021 3508 -Ita
1032 3447 1174 3509 omnibus
1185 3468 1270 3539 ope-

282 3529 366 3592 ribus
389 3547 403 3585 a
427 3526 598 3604 quibusdam
622 3530 802 3588 elaboratum
822 3526 871 3597 est,
896 3543 932 3588 ut
952 3545 1018 3604 ego,
1042 3542 1197 3602 perquem
1212 3530 1268 3591 dli

284 3603 338 3683 ipsa
361 3604 469 3681 aliquid
490 3605 565 3680 sunt,
583 3606 656 3664 nihil
681 3607 738 3680 jam
759 3608 791 3664 in
812 3603 956 3682 posterum
970 3603 1124 3675 momenti,
1143 3623 1209 3663 non
1223 3607 1268 3667 ad

282 3682 448 3745 ornandum
460 3703 549 3756 meos,
568 3685 620 3760 qui
633 3683 744 3763 semper
756 3682 812 3756 tui,
832 3683 851 3744 sa
871 3684 924 3760 qui
938 3682 997 3756 alii,
1018 3681 1118 3754 fuere;
1138 3679 1187 3742 sed
1203 3685 1266 3823 vig

1219 3779 1236 3819 a
