2612 4450
184 118 187 126 ’
245 157 283 302 t
399 141 1133 264 D·.R.HvNT1NoTON1

730 427 799 509 IV.

574 599 942 696 EIDEM.

303 827 611 950 Reverendrffime
631 839 673 915 in
698 832 830 950 Christo
847 835 977 936 Pater,

358 977 453 1062 Uod
468 978 583 1059 literis
600 976 690 1072 tuis,
718 971 771 1056 ab
788 971 1022 1085 ampliffnno
1036 976 1186 1060 Praesulc
1197 976 1252 1058 ue-

385 1109 526 1199 rytano
550 1088 689 1186 allatis,
717 1083 832 1170 serius
862 1085 1059 1196 respondi,
1101 1091 1141 1172 in
1164 1084 1256 1171 causa

387 1203 439 1286 est
469 1227 553 1282 mea
586 1198 851 1308 impotentia3
892 1204 1074 1285 voluntas
1105 1199 1258 1315 equidem

246 1313 557 1398 mandatavestra
569 1309 783 1421 exequendi
798 1308 888 1395 satis
903 1318 1046 1425 ampla,
1072 1317 1260 1398 cuitameu

244 1431 409 1537 aequales
422 1455 504 1510 non
524 1420 972 1532 responderunteffedus.
1021 1428 1208 1512 Nostrates
1225 1424 1261 1508 fi-

244 1541 403 1652 quidem
429 1543 471 1632 in
498 1533 613 1622 bonis
639 1533 839 1643 operibus,
868 1542 910 1621 δι
938 1537 1135 1647 speciatim
1160 1541 1197 1622 in
1213 1563 1262 1619 rc·

245 1654 472 1762 demptione
486 1651 744 1760 captivorum,
772 1652 936 1732 multum
954 1649 1190 1752 desudantes
1214 1651 1262 1759 ip

243 1755 285 1846 sa
305 1764 406 1866 sane,
446 1788 559 1874 quarn
577 1757 834 1860 commendas,
874 1762 1042 1846 charitas
1064 1766 1198 1864 tenuit,
1221 1789 1261 1844 ue

243 1876 424 1988 precibus
446 1875 539 1958 meis
558 1875 713 1954 ulterius
736 1873 951 1983 fatigarem,
979 1881 1020 1958 8<
1038 1879 1197 1960 calcaria
1213 1875 1262 1957 ni·

245 1990 365 2070 mium
384 1991 607 2100 importuna
629 1985 809 2068 adderem
824 1985 1073 2072 currentibus
1132 1993 1260 2073 Memet

246 2098 339 2182 vero
368 2102 473 2209 quod
501 2102 652 2197 attinet,
686 2099 879 2182 minutum
907 2126 1036 2184 meum
1067 2101 1213 2212 conjeci
1229 2101 1259 2182 in

244 2209 416 2310 Corban,
458 2214 558 2294 inter
585 2234 768 2320 pauperes
798 2209 980 2322 deinceps
1010 2215 1260 2324 erogandum,

244 2349 478 2436 precorque,
520 2343 563 2405 ut
593 2325 763 2430 accipere
796 2325 978 2434 digneris,
1017 2353 1101 2407 non
1124 2355 1171 2409 ex
1192 2326 1258 2434 ipsi

246 2436 474 2544 quantitate,
508 2462 586 2544 qua
598 2436 755 2516 minima
774 2437 837 2536 est,
865 2434 945 2536 sed,
975 2440 1033 2518 uti
1053 2441 1094 2520 in
1109 2437 1260 2521 oblatio

244 2547 358 2630 nibus
373 2547 453 2631 ficri
476 2544 668 2642 assolcbat,
699 2549 899 2630 exanimo
922 2545 1131 2633 offerentis.
1186 2551 1257 2632 Pte·

243 2687 384 2769 corque
403 2660 569 2772 insuper,
597 2661 756 2764 utapud
777 2662 993 2770 praedidum
1012 2660 1255 2773 digniffimum

244 2775 482 2882 Episcopum
509 2771 723 2854 cucufatum
746 2800 805 2853 me
836 2772 988 2876 habeas,
1016 2775 1128 2884 quod
1150 2771 1258 2858 officio

244 2912 333 2968 meo
349 2884 521 2984 dcesscrn,
548 2908 685 2991 nempe
698 2882 875 2967 citissimo
892 2885 1029 2984 suoi&
1046 2886 1193 2998 prorstu
1209 2887 1256 2966 in·

244 3000 457 3104 expectato,
485 3001 621 3078 itincre
650 3019 873 3106 praeventus
934 3002 1048 3095 Illum
1079 3003 1179 3082 enim
1198 2993 1254 3078 aia

244 3129 396 3190 cuntem
419 3139 466 3191 ne
488 3109 648 3191 salutavi
663 3108 828 3217 quidem,
864 3109 970 3221 quod
990 3115 1069 3228 jam
1084 3139 1172 3223 ag0‚
1197 3134 1254 3190 nec

245 3247 314 3326 per
328 3223 422 3301 tanti
435 3224 518 3305 Viri
534 3219 836 3305 intercedionem
853 3243 936 3306 tuas
949 3246 1174 3334 apprecatur
1186 3222 1254 3303 sum

245 3332 538 3418 benedictiones.
596 3333 799 3444 Utriusque
828 3337 1106 3420 authoritatem
1125 3332 1252 3420 conser-

246 3467 309 3527 vet
323 3451 441 3540 Deus,
463 3450 523 3528 cui
543 3473 603 3526 me
622 3447 794 3555 profiteri
811 3449 924 3530 liceat
939 3476 1007 3558 per
1027 3455 1157 3536 omnia
1171 3442 1247 3528 obe-

243 3556 512 3644 diontiiiinnuu
529 3589 539 3640 τ
569 3563 618 3639 R.
635 3564 683 3639 H.

246 3811 467 3887 apina-sa.
524 3788 556 3864 S.
584 3783 779 3889 Epimemi,
819 3810 900 3890 qua
923 3787 1080 3893 rcpcriri
1107 3779 1249 3896 poffunt,

575 3896 1248 4006 omniaopcraiinnmoperedeiidcro.

934 4002 1247 4094 V.EIDEM.
