2702 4442
206 141 275 259 68
309 148 373 244 D.
400 143 893 242 EBERNAKDI
953 131 1119 248 VITA.

204 336 322 393 manu
339 305 541 418 exscriptas
561 309 604 390 in
620 305 756 392 Museo
772 308 983 410 Saviliano,
1010 325 1123 482 prout
1137 329 1215 390 mo-

205 423 293 505 nuit
305 421 516 523 fundator,
544 419 625 530 ipse
642 422 758 504 vivus
776 417 1019 531 reposuisset.

263 527 376 615 Hisce
404 533 480 616 alia
505 533 626 616 etiam
656 560 738 623 nou
760 534 928 641 vulgaris
945 554 1061 630 nota,
1087 529 1211 642 quain

205 644 272 730 illa
267 641 503 839 strglcensrone
511 647 758 745 omittuntur,
775 645 992 756 adjicienda
1000 639 1072 730 effe
1082 667 1214 758 aequum

337 775 389 839 at·

208 781 407 951 poPraeter
429 868 534 951 enim
563 867 787 978 posteriores
818 863 839 948 a
896 883 1008 952 uarto
1031 865 1224 976 Apollonii

209 980 356 1090 Pergaei
373 979 576 1063 Conicorum
595 978 735 1076 libros,
761 893 984 1090 quossupra
1006 979 1228 1077 memoravi,

210 1117 260 1174 ex
279 1091 439 1177 Arabici
457 1093 589 1204 lingui
604 1090 740 1176 Latine
756 1089 887 1176 versos
904 1091 1132 1204 scholiisque
1148 1091 1230 1174 illu·

213 1201 361 1306 stratos,
391 1207 558 1298 contulit
586 1225 749 1316 quatuor
773 1208 920 1312 priores
946 1205 1084 1289 Latine
1107 1203 1226 1286 editos

213 1317 398 1400 Rouoniae
421 1322 476 1398 Μ.
492 1321 543 1399 D.
552 1322 594 1399 L.
608 1323 673 1399 Vl.
700 1338 785 1397 cum
804 1323 941 1401 Graeco
955 1337 1063 1400 textu
1082 1312 1225 1425 abipso

216 1431 381 1539 margini
398 1430 550 1528 addito,
579 1433 619 1512 8<
642 1454 730 1509 cum
751 1425 919 1510 versione
938 1427 1125 1512 Arabicas
1151 1451 1245 1508 nou·

214 1541 396 1648 neglestis
422 1537 594 1623 versione
611 1537 824 1622 Abrahami
850 1540 1097 1624 Ecchellenfis
1114 1543 1151 1622 8(
1167 1540 1231 1621 Al·

216 1653 357 1762 phonfi
373 1655 511 1735 borelli
529 1653 821 1747 commentario,
876 1653 1071 1737 Accedunt

275 1770 472 1848 Lemmata
506 1765 747 1846 Archimedis
771 1761 1120 1864 Arabico-Latine,
1152 1789 1233 1847 cum

219 1877 351 1989 figuris
384 1884 423 1960 δε
454 1874 796 1972 annotationibuS,
838 1874 1020 1986 praemisla
1048 1878 1100 1960 de
1135 1877 1259 1962 istius·

219 1985 393 2102 opusculi
407 1989 557 2082 ratione
572 1989 717 2072 eruditi
732 1987 967 2098 praefatione.

277 2100 437 2183 Tabulae
467 2101 739 2186 Aslronomicae
770 2102 1037 2186 Omadaddini
1069 2097 1236 2198 ismaelis,

219 2213 407 2321 Principis
418 2212 583 2312 Hamah‚
618 2238 713 2322 quas
745 2209 956 2310 exscribere
978 2240 1026 2296 ex
1049 2212 1155 2297 libro
1183 2209 1238 2294 bi·

219 2313 422 2409 bliothecae
480 2325 644 2435 Collegii
700 2321 922 2431 loanneusrs
968 2319 1237 2437 elegantissime

221 2433 364 2546 scripto
384 2456 474 2518 ante
492 2438 650 2550 triginta
663 2433 725 2517 sex
742 2433 934 2544 septemve
952 2462 1079 2521 annos
1098 2431 1238 2548 aggres-

222 2546 282 2632 sus
299 2548 379 2655 est:¹
420 2549 482 2630 sed
518 2548 660 2632 tabulis
684 2549 842 2660 cognati
873 2549 1097 2658 argumenti
1126 2551 1232 2658 Ulug.

221 2651 329 2773 Belgi
356 2660 482 2760 editis,
520 2661 571 2744 ab
600 2659 673 2742 ino
702 2676 832 2770 opere,
859 2679 1043 2774 tanquam
1065 2656 1235 2770 superva-

223 2797 344 2862 caneo
363 2777 402 2855 δ(
422 2775 562 2876 inutili,
590 2771 720 2882 postea
734 2767 902 2854 cessavit.
1122 2786 1125 2792 '

227 2873 234 2889 ⁸
280 2881 581 2968 Proverbiorum
602 2880 867 2983 Arabicorum,
896 2882 1040 2993 partim
1055 2878 1081 2985 fa
1098 2887 1150 2991 D.
1169 2883 1232 2965 Po·

221 2999 372 3095 cocki0,
416 2993 606 3105 partimi
638 2994 676 3078 se
704 2995 837 3080 Latine
870 2994 1084 3097 versorum,
1121 2995 1233 3078 Colle·

222 3109 380 3215 biiones.

226 3199 252 3222 “¹
283 3220 521 3304 Aristarchus
544 3222 687 3304 Samius
714 3217 761 3300 de
780 3215 1169 3344 magnitudinibus&
1186 3212 1236 3298 di

226 3331 373 3414 stantiis
406 3333 500 3414 Solis
530 3336 569 3412 ὃ(
604 3339 728 3415 Lunae.
786 3333 930 3426 Pisauri
958 3335 1099 3440 Latine
1126 3329 1235 3445 editus

228 3446 284 3532 M.
312 3449 361 3548 D.
388 3448 506 3532 LXX.
531 3451 577 3527 Il.
606 3455 653 3550 4⁰.
710 3444 830 3556 Cujus
859 3445 907 3526 ad
935 3469 1047 3552 oram
1074 3451 1229 3530 Graecm

228 3577 373 3664 sextum
399 3556 419 3636 'e
438 3557 569 3654 codice
588 3555 849 3665 marruscripto
874 3554 1054 3666 addidit:
1084 3553 1226 3668 &quem

232 3671 349 3780 etiam
367 3663 452 3750 cum
480 3668 649 3749 verbone
678 3665 834 3750 Arabici
854 3671 1035 3764 collatum
1056 3667 1227 3750 examina·

230 3781 300 3898 git.
364 3786 477 3893 Hunc
508 3779 719 3880 Aristarchi
751 3777 936 3877 Libellum
981 3783 1050 3867 Vir
1089 3769 1226 3868 doctiss

1165 3907 1230 3976 mus
