2576 4464
260 227 336 298 400
427 189 719 293 JOANNIS
770 193 1085 294 STURMII.

260 317 382 378 erudite
406 313 501 374 solum
521 309 591 372 sunt
611 309 737 390 epistole
757 327 826 386 tue,
846 333 877 372 ac
892 311 1002 386 suaves,
1021 310 1071 372 sed
1105 311 1136 372 ie
1149 311 1242 382 etiam

262 391 480 456 &Christianae
505 391 584 450 unde
597 407 724 476 apparet,¹
734 389 951 466 telespellalle
964 410 1068 450 verum
1119 389 1242 452 diorum
1283 419 1285 454 l

262 473 361 544 finem,
381 473 410 534 &
424 467 584 530 allecutum
597 489 665 527 eum
679 466 744 528 elle.
774 487 808 527 ur
822 489 891 528 curn
905 469 1068 540 eruditone‚
1090 471 1241 540 virtutem,

263 573 296 612 ae
308 551 446 628 pietatem
458 551 661 621 conjungerer.
673 545 799 620 Quoties
812 547 903 622 igitur
915 549 981 622 lego
991 563 1064 618 tuas,
1071 547 1161 607 toties
1174 546 1240 607 &te

264 623 401 698 admiror,
411 627 437 688 δι
451 625 569 702 Reginae
580 641 717 700 tumque:
728 641 756 684 te
763 643 938 701 praeceptore
949 623 997 682 usa
1006 623 1178 700 errorique
1188 629 1241 682 Ar·

260 711 324 782 gli'ae
338 706 475 784 gratulor.
497 704 547 762 cui
563 701 719 778 aliquando
731 719 844 761 tantum
860 703 995 762 utilitatis
1009 701 1131 775 adferes,
1152 721 1241 780 quan·

262 803 331 848 tum
344 783 466 853 adferre,
480 781 508 840 δε
524 781 568 839 vir
582 781 721 855 optimus,
733 780 760 838 &
777 777 866 839 homo
879 779 1056 840 dolliffimur
1068 777 1173 859 potest.
1189 775 1240 838 sel

265 883 346 923 nunc
357 861 394 922 de
407 880 452 920 me
469 878 566 937 pauca.
594 859 657 933 Ego
667 857 720 916 ribi
733 855 858 930 Afilmmr
871 855 1054 930 ornatiffirne,
1065 875 1241 919 commenta·

264 935 1242 1014 riummeummil‘eramnonaliamobcaullam,quamquodbenivo-

266 1019 428 1086 lentiam,
444 1017 471 1076 δι
487 1012 666 1074 humanitate
680 1011 739 1072 frui
750 1013 914 1090 cupiebam.
946 1015 1055 1093 quibus
1066 1035 1126 1074 non
1138 1013 1241 1082 minue

266 1115 353 1172 quam
366 1103 512 1162 sturmms,
535 1109 569 1150 ut
580 1090 615 1149 de
632 1089 658 1150 l'e
673 1090 740 1169 ipse,
753 1091 780 1150 ἃ
795 1109 829 1151 tu
839 1091 876 1150 de
890 1090 952 1170 ipso
971 1091 1115 1170 scripsisti,
1131 1092 1163 1152 in
1176 1089 1243 1160 ami2

266 1175 337 1235 citia
358 1187 514 1232 contentus
527 1166 581 1228 elle
605 1167 693 1226 soleo.
731 1168 845 1229 Verum
865 1189 898 1228 tu
913 1167 948 1228 ad
963 1189 1101 1242 amorem,
1126 1169 1243 1228 benivo-

266 1252 446 1326 lentiamque
461 1267 527 1324 erga
540 1263 688 1318 metuam,
702 1266 809 1306 munus
823 1249 909 1306 etiam
923 1246 1068 1308 addidisti.
1118 1246 1242 1323 uodego

268 1330 285 1391 ὲ
300 1331 416 1405 regibus
430 1346 461 1385 ac
475 1324 667 1404 principibus,
679 1343 746 1382 cum
760 1324 853 1392 datur,
867 1323 1082 1404 accipiendum:
1095 1265 1132 1386 alr
1144 1323 1242 1386 amieis

268 1426 325 1467 nec
346 1403 534 1484 sperandum,
558 1421 612 1460 nee
639 1402 798 1475 petendum
819 1399 873 1461 elle
900 1401 1011 1476 judico.
1049 1403 1130 1464 Cum
1156 1403 1243 1480 igitur

263 1484 502 1562 -expellationem
525 1497 618 1538 meam
632 1479 748 1550 viceris,
768 1501 821 1539 nec
845 1481 931 1539 verba
953 1479 1048 1540 solum
1062 1499 1115 1558 pro
1131 1479 1246 1542 verbis:

268 1561 318 1624 sed
332 1579 436 1621 aurum
467 1557 567 1632 potius
587 1555 750 1629 remiseris,
773 1557 876 1634 gratias
901 1557 956 1618 tibi
983 1559 1165 1620 immortales
1187 1575 1246 1632 ago,

271 1658 378 1717 meque
397 1639 536 1696 daturum
550 1631 605 1693 elle
618 1653 733 1710 operam
752 1635 903 1713 pollictor,
929 1651 964 1696 ut
976 1657 1023 1698 me
1035 1637 1092 1697 tibi
1106 1636 1246 1697 exanimo

269 1719 368 1780 favere
385 1714 539 1788 intelligas.
579 1709 672 1786 Quod
686 1713 833 1790 reliquum
848 1714 878 1772 in
893 1709 1099 1788 Qinllianem,
1113 1715 1205 1776 citius
1215 1708 1247 1770 atl

270 1813 302 1856 te
315 1815 376 1856 non
390 1791 463 1862 misi,
474 1775 607 1859 fortuna,
620 1789 676 1849 live
689 1789 746 1850 Dei
759 1792 857 1868 potius
869 1791 1021 1850 confilium
1034 1793 1065 1851 in
1079 1789 1172 1851 caulla
1184 1789 1246 1850 fuit.

273 1875 351 1936 Nam
374 1889 442 1930 cum
457 1871 507 1928 vix
530 1865 689 1926 dimidium
709 1866 875 1946 imprellum
888 1867 966 1940 ellet,
990 1871 1061 1929 alter
1080 1867 1248 1947 composito-

276 1971 353 2021 rum,
364 1967 399 2009 ut
412 1949 451 2007 ira
465 1946 616 2024 appellem,
642 1962 779 2021 aegrotare
794 1948 884 2026 coepit
900 1975 908 2021 ;
926 1948 997 2026 alter
1010 1947 1048 2007 ob
1061 1947 1152 2007 amici
1166 1965 1249 2022 aegro·

275 2029 365 2092 tantis
378 2025 558 2085 vacationem
570 2022 649 2082 abire
663 2020 703 2083 est
716 2023 840 2094 eoaehis,
864 2044 898 2085 ut
912 2022 965 2084 diu
978 2023 1081 2084 cell'are
1101 2025 1137 2085 ab
1160 2025 1250 2106 operit

274 2101 493 2186 Typogrrphur
518 2103 608 2162 etiam
634 2100 752 2162 coellus
775 2101 876 2162 fuerit.
916 2103 1006 2164 Nunc
1033 2121 1130 2165 temen
1157 2105 1248 2172 mitto,

277 2203 418 2262 rogoque,
438 2179 594 2244 utlibrum
608 2197 695 2258 quem
719 2182 837 2271 Regina:
861 2198 919 2241 ruoe
943 2202 1000 2242 una
1023 2183 1121 2254 mitto,
1144 2181 1249 2267 adeam

276 2263 400 2342 perferri
413 2280 506 2322 cures.
547 2259 624 2320 Nam
649 2259 719 2336 quia
742 2280 806 2333 etur
832 2257 890 2320 feci
916 2261 1096 2321 mentionem
1116 2260 1250 2322 honorilr·

278 2359 352 2412 cam,
373 2341 462 2417 cupio
475 2359 575 2400 meum
589 2336 625 2396 de
647 2339 710 2410 ejus
734 2339 844 2397 virtute
868 2341 1082 2415 atquepietate.
1108 2355 1251 2400 eumeru-

278 2419 394 2479 ditione
414 2416 568 2491 conjuntla
591 2415 722 2474 animum
745 2413 779 2474 ab
805 2415 854 2474 illa
877 2416 1025 2492 cognosti.
1064 2417 1204 2478 Miseram
1220 2410 1251 2474 ed

280 2502 436 2567 sturmium,
458 2514 527 2555 cum
541 2492 637 2553 adhuc
650 2495 684 2553 in
708 2496 840 2549 Helvetiis
861 2491 965 2565 ollem,
987 2493 1064 2554 hunc
1084 2497 1205 2567 librum,
1221 2507 1251 2552 ut

281 2596 352 2636 eum
367 2575 398 2634 in
412 2573 542 2646 Angliam
555 2593 612 2631 um
626 2591 694 2630 cum
707 2571 770 2630 aliis
784 2572 932 2632 mitteret:
947 2570 994 2632 secl
1009 2571 1181 2651 nescioquo
1192 2567 1251 2634 etl'u

281 2656 334 2714 ille
347 2655 424 2713 inter
433 2650 499 2710 suos
521 2651 611 2709 libros
625 2669 693 2709 eum
715 2651 875 2726 reliquerit.
910 2669 997 2728 quem
1010 2671 1067 2730 ego
1087 2671 1158 2712 cum
1173 2654 1202 2712 in
1214 2667 1253 2707 or-

283 2731 384 2791 dinem
410 2729 500 2788 libros
527 2747 620 2806 nuper
646 2725 835 2802 redegillem,
854 2725 979 2788 fortuito
1003 2730 1115 2790 inveni.
1156 2723 1252 2789 lnfine

281 2807 451 2890 Qr'nclianae
463 2803 628 2884 apologiam
641 2804 749 2875 addidi,
768 2809 907 2879 quoniam
920 2803 987 2866 sunt
1000 2807 1088 2868 eriam
1108 2806 1187 2883 apud
1200 2821 1253 2870 ¹10⁵.

286 2884 423 2963 Ascheton
442 2885 495 2961 qui
518 2882 629 2943 tametsi
653 2881 800 2961 quidquid
817 2884 847 2942 in
860 2884 954 2945 literis
973 2883 1114 2962 allequuti
1134 2877 1253 2956 suntid

286 2981 386 3026 totum
401 2963 541 3024 {sturmio
555 2961 676 3021 habenti
696 2961 833 3022 tamen&
848 2963 911 3037 ejus
923 2962 1061 3024 lolliones
1084 2965 1254 3040 negligunt·

285 3042 317 3103 &
338 3039 394 3101 hoc
420 3059 521 3100 meum
549 3036 716 3098 institutum
746 3037 968 3119 reprehendunt.
1015 3041 1199 3102 Militiol'um
1220 3029 1255 3096 el

286 3137 380 3198 genus
393 3115 565 3178 hominum:
587 3135 754 3194 quenquam
774 3117 855 3176 enim
875 3116 1050 3178 diffimulent
1063 3117 1205 3190 fraudem,
1220 3132 1256 3176 ta·

288 3215 358 3257 men
371 3197 457 3254 latere
477 3215 538 3254 non
560 3189 660 3268 potest.
698 3199 845 3250 sturmium
866 3217 925 3255 non
949 3196 1089 3258 audiunt:
1115 3196 1189 3272 quid
1203 3191 1257 3256 in?

289 3273 372 3348 Quia
385 3272 435 3333 libi
448 3271 523 3332 belle
546 3271 684 3331 videntur
709 3270 796 3344 (lolli,
817 3271 1000 3349 &quoniam
1026 3276 1255 3350 nonnullisque

290 3367 350 3428 que
373 3347 539 3409 docendum
565 3346 627 3410 est:
648 3348 804 3410 corradunt
829 3350 962 3426 undique
986 3369 1120 3412 annotata
1143 3351 1258 3416 Sternit,

288 3446 394 3490 curant
403 3423 537 3496 describi,
557 3426 624 3487 inde
656 3425 741 3500 oller,
756 3426 1000 3507 sesquipedalibus
1010 3429 1106 3490 verbis
1116 3420 1256 3490 ambitiose

287 3505 460 3576 declamant,
475 3505 502 3564 δι
517 3507 614 3564 omnia
638 3507 677 3565 rbi
689 3505 866 3578 vendicant,
886 3507 1035 3584 pudetque
1047 3513 1162 3564 sturmii·
1175 3507 1256 3566 ullam

288 3583 384 3644 facere
396 3583 587 3644 mentionem.
626 3583 690 3642 lllar
703 3603 759 3658 ego
772 3585 936 3643 corniculas
957 3584 1123 3663 deplumare
1142 3605 1207 3646 meo
1220 3583 1257 3641 in·

284 3661 386 3726 llituto
399 3659 494 3722 statui.
535 3659 659 3736 Mrgnos
672 3660 781 3722 laborer
799 3662 946 3740 impendo,
960 3662 1031 3724 dum
1045 3660 1146 3726 studeo
1164 3658 1255 3724 omui·

1202 3755 1259 3816 pro·
