2646 4448
26 3499 27 3502 ‘
213 3510 289 3620 glii
307 3532 381 3618 pro
411 3524 630 3618 temporum
652 3505 877 3592 infelicitate
895 3509 963 3590 vix

192 121 263 230 44
314 83 886 195 mutuaturum
927 75 1119 193 utra

195 257 507 458 naun
527 251 1228 479 lucinianum

195 477 314 588 Quali
341 475 435 566 verb
464 479 515 566 de
542 477 629 564 solo
657 478 853 565 bernardo
876 477 1027 592 optime
1051 475 1231 570 tntr‘rfflt

179 592 400 794 llil}
416 584 995 790 wiffibssffi
1016 587 1231 818 ἔξω

195 815 343 932 phium
357 813 583 902 oxoniense
606 809 711 928 typis
727 815 859 902 ferreis
874 819 1059 929 Copticis
1120 813 1122 816 ’
1171 822 1180 840 ’

192 927 382 1042 picisque,
393 929 443 1016 ad
455 928 686 1016 Beruarduut
694 924 924 1033 transtulslit,
936 956 986 1015 err
1004 929 1230 1019 munifium·

196 1044 253 1130 tid
270 1039 335 1128 sua
347 1041 452 1128 idem
462 1041 534 1127 Vir
549 1038 714 1127 summm
731 1068 841 1127 anno
854 1043 1234 1134 MDCLXXXVI.

199 1155 356 1244 anuum
372 1175 628 1267 ornatumque
644 1155 784 1239 voluit.

258 1267 483 1371 bernardus,
511 1262 588 1351 srve
615 1265 854 1353 humanitate
879 1263 1005 1378 gemit
1032 1269 1234 1370 llatavicar¹

197 1385 243 1468 8<
289 1379 451 1490 raecipult
467 1374 723 1464 professorum
754 1373 1004 1478 [eiciendum
1043 1403 1152 1494 quot
1177 1381 1234 1464 vi·

201 1494 238 1576 ci
335 1511 473 1578 mutuo
489 1511 622 1575 amore
646 1488 867 1600 prosecutur
891 1490 957 1594 eli,
986 1487 1068 1576 five
1099 1517 1232 1577 arunte

200 1606 420 1718 linguarum
444 1604 705 1688 Orientalium
723 1603 859 1704 vimis,
885 1601 1100 1688 Oxoniutn
1123 1605 1233 1691 beidi

205 1712 459 1816 commutilse,
491 1713 611 1799 modb
638 1715 735 1799 illud
754 1714 969 1800 istiusmodi
984 1716 1124 1800 literas
1141 1713 1230 1830 pub

204 1827 277 1912 lice
296 1824 505 1940 profitendi
523 1826 747 1912 &docendi
770 1852 920 1924 munus,
947 1828 1059 1939 quod
1080 1855 1135 1912 ex
1153 1829 1226 1913 ido·

206 1941 271 2022 nei
291 1941 393 2038 viri,
425 1940 491 2052 qui
520 1940 560 2022 in
584 1935 820 2023 eruditissimi
844 1937 954 2024 Golii
987 1942 1128 2022 locum
1152 1941 1227 2054 pari

206 2053 331 2162 gloril
362 2055 405 2136 dr
442 2051 587 2135 metitis
611 2048 850 2153 suuucdenet,
885 2050 1037 2136 desedu
1068 2053 1236 2152 vacarit,

206 2166 379 2265 illorum,
411 2165 480 2274 qui
498 2165 701 2277 Collegatn
730 2162 817 2248 sore
838 2159 1120 2248 ardentissimis
1136 2164 1233 2248 votis

206 2271 411 2385 optiffeut,
438 2277 555 2386 opert
574 2269 753 2384 potuisset
767 2274 951 2374 obtineri,
982 2277 1094 2387 apud
1115 2275 1234 2362 sella·

207 2384 364 2472 tuebar:
406 2415 488 2472 non
515 2387 619 2497 quast
648 2383 803 2471 insenso
834 2389 966 2472 animo
993 2389 1234 2498 patriam&

208 2499 352 2584 anricus
370 2496 460 2584 esset
477 2497 715 2596 deserturus,
746 2497 809 2582 sed
837 2519 877 2582 ut
899 2501 1128 2612 linguarum
1147 2501 1234 2584 Ori·

208 2614 393 2697 eutalium
422 2612 602 2713 studium,
629 2611 734 2722 quod
753 2609 909 2694 summis
933 2614 976 2694 in
993 2608 1150 2695 deliciis
1167 2615 1233 2696 ha·

210 2723 310 2825 buit,
336 2725 485 2808 felicius
517 2743 740 2833 pergentes
766 2728 967 2835 Europaeas
985 2745 1238 2838 propagaret,

207 2841 251 2920 8<
278 2856 321 2920 ut
339 2839 383 2919 in
413 2837 486 2920 illo
504 2834 700 2918 communi
721 2837 920 2920 literatura
938 2838 1141 2947 emporio,
1173 2834 1238 2920 ubi

210 2946 435 3059 bibliopolae
454 2947 571 3058 longe
590 2944 856 3058 generosiores,
886 2971 1003 3062 quam
1035 2948 1162 3032 nostri
1183 2947 1240 3032 so

155 3140 157 3144 ,
210 3063 304 3158 lent,
331 3061 440 3142 alunt
474 3057 637 3172 spiritus,
671 3063 713 3141 dc
740 3055 849 3143 sama
881 3061 1024 3170 pariter
1051 3087 1097 3143 ac
1133 3065 1241 3144 lucro

212 3169 469 3267 velificantes,
508 3172 621 3255 nullis
647 3169 880 3282 sumptibus,
910 3173 951 3254 in
980 3174 1242 3282 procurandis

211 3279 493 3394 elegantissimis
509 3279 865 3394 accuratissimisque
888 3282 1081 3381 librorum
1096 3287 1242 3372 editio

213 3395 344 3494 nibus,
372 3415 543 3507 parcunt,
572 3396 719 3507 ingenii
737 3392 795 3479 sui
813 3395 945 3496 foetus,
972 3394 1235 3622 (ἐηοάἐὲωΑέ.

1007 3532 1065 3593 etr
1213 3535 1231 3588 e

215 3620 329 3702 tristis
347 3618 561 3702 admodum
591 3617 713 3718 sensit,
740 3621 783 3702 in
810 3616 1008 3730 publicam
1040 3624 1168 3707 lucem
1182 3617 1229 3702 sa·

215 3731 346 3814 ciliori
360 3734 401 3813 dc
419 3729 583 3814 feliciori
603 3733 718 3842 operi
737 3732 800 3814 ille
819 3729 976 3839 praesens
991 3734 1233 3840 protrudent.

216 3842 288 3928 Sed
305 3861 447 3928 conatu
462 3841 548 3949 isto,
581 3841 915 3948 intercedentibus,
936 3836 1070 3930 nescio
1089 3845 1240 4040 quibu&

1173 3985 1199 4040 o
