2684 4476
275 222 301 273 2
444 187 522 260 DE
558 183 711 262 vrTA
747 169 1057 260 ΕΤΟΒΙΤΠ

218 340 219 344 =
275 306 438 384 silebamus,
462 326 552 383 quern
575 324 632 384 ego
653 305 818 367 ornandum
840 307 872 365 in
896 306 1115 385 presentiarum
1138 305 1264 386 suscepi,

273 389 392 447 nullum
405 383 575 461 hujusmodi
590 403 663 463 opus
677 387 709 452 in
722 385 856 444 manibus
868 384 991 443 habebat
1003 383 1182 446 inchoatum.
1202 386 1265 445 Re·
1279 392 1291 410 ·

236 499 239 503 -
271 464 362 542 liquit
384 464 444 524 hec
465 463 590 541 scripta,
618 461 666 522 sed
688 464 790 522 multis
813 461 952 522 chartulis
974 462 1116 540 dispersa,
1141 484 1203 523 non
1226 464 1264 525 in

272 562 369 603 unum
381 542 552 602 fasciculum
566 538 718 617 congesta,
739 539 787 599 hic
803 541 831 599 δι
844 543 911 600 illic
925 539 1111 613 diffeminata,
1124 562 1186 600 non
1198 545 1264 603 col·

271 621 353 694 ledia,
377 641 432 680 nec
445 619 548 680 ordine
561 618 712 695 dispofita;
744 639 804 678 non
816 617 895 692 jullit
907 617 968 677 haec
983 621 1162 678 concremari
1175 619 1262 680 testa-

269 716 380 771 ment0‚
399 717 464 774 que
487 717 543 774 ego
566 698 674 773 collegi
694 716 761 756 meo
782 693 886 756 studio.
928 698 999 757 Non
1014 696 1048 754 ab
1060 697 1188 773 ignibus,
1207 698 1262 758 sed

269 797 283 835 a
299 778 396 837 blattis
410 777 438 836 br
451 777 539 835 tineis
551 775 693 836 reservavi
707 800 716 848 ;
740 794 800 834 non
814 774 850 832 ad
863 795 956 834 meam
968 774 1093 846 laudem,
1112 778 1162 834 cui
1176 779 1260 836 nulla

270 853 412 927 debetur;
431 853 481 914 sed
502 853 538 912 ad
560 851 686 928 Ali-hami
709 872 864 929 perennem
886 855 1018 928 gloriam,
1038 873 1125 927 quarn
1146 854 1259 915 obnixe

267 934 333 1007 ejus
347 933 461 992 nomini
475 950 571 1010 parare
584 951 687 1002 conor,
706 933 738 990 in
750 933 847 990 lucem
861 931 890 990 δι
906 930 1062 992 hominum
1076 932 1177 990 oculos
1186 951 1262 1009 pro-

267 1011 351 1071 duxi.
391 1011 465 1070 Haec
487 1012 621 1087 inprimis
645 1008 680 1067 ad
703 1030 799 1069 meam
825 1010 1000 1080 utilitatem,
1026 1011 1055 1068 bc
1078 1012 1258 1071 nonnullam

265 1087 381 1149 fortasse
399 1088 629 1160 debellationem,
648 1086 702 1146 srtu
721 1086 782 1146 fere
802 1085 937 1159 obdulla,
957 1088 985 1146 8<
1000 1085 1091 1146 crallrs
1105 1087 1258 1149 obscurata

265 1167 297 1227 dc
318 1165 493 1235 circumfusa
506 1167 643 1236 tenebris,
664 1166 777 1239 collegi.
817 1185 878 1223 non
892 1165 926 1222 ad
941 1166 1065 1241 aliquam
1079 1164 1148 1223 hinc
1163 1186 1257 1227 aucu-

263 1243 389 1321 pandam
413 1248 529 1304 inanem
553 1244 688 1321 gloriam,
706 1260 794 1317 quam
818 1262 921 1300 vanam
949 1243 1118 1303 &futilem
1132 1242 1257 1317 judico:

262 1323 312 1382 sed
337 1322 371 1381 ad
395 1320 548 1381 dottiffimi
571 1322 629 1380 viri
655 1338 823 1396 perpetuam
847 1320 1047 1379 celebrandam
1070 1322 1257 1395 memoriam,

263 1418 352 1476 quam
374 1399 488 1478 semper
507 1395 730 1458 florentissimam
751 1395 804 1455 elle
818 1401 916 1474 cupio,
936 1398 1096 1475 divulgavi.
1137 1399 1256 1484 Egone

263 1497 394 1555 unquam
406 1477 525 1554 quidem
542 1477 631 1534 ullius
642 1472 863 1533 existimationis
877 1493 935 1533 tam
947 1477 1052 1546 sitiens,
1072 1477 1255 1551 velAlclaami

261 1556 358 1615 laudis
378 1574 437 1614 tam
459 1552 604 1625 invidens,
625 1556 671 1611 vel
685 1573 753 1611 mee
768 1554 920 1613 tenuitatis
935 1570 994 1612 tam
1008 1554 1133 1614 insolens
1148 1556 1256 1631 predi-

262 1651 352 1702 cator,
373 1634 421 1692 vel
444 1631 562 1690 summac
588 1635 681 1704 Regno·
704 1627 829 1705 Alibami
840 1631 1016 1691 eruditionis
1028 1650 1087 1690 tarn
1103 1653 1204 1708 parcus
1219 1635 1251 1695 δε

259 1710 409 1770 restridlus
432 1708 586 1767 aestimator
608 1710 738 1775 fuerim,
765 1726 798 1766 ut
818 1711 862 1767 vel
887 1730 933 1766 me
960 1712 991 1768 in
1014 1709 1170 1769 hominum
1197 1732 1253 1770 vo-

262 1790 342 1848 culas
366 1787 402 1845 ad
425 1788 541 1847 inanem
568 1786 713 1862 quandam
728 1788 755 1844 bc
771 1786 912 1845 fumosam
928 1787 1112 1862 quaerendam
1131 1788 1251 1849 laudem

260 1866 447 1926 committere
470 1868 585 1934 vellem,
609 1866 656 1923 vel
671 1863 706 1921 ad
720 1860 845 1937 Alibamr'
857 1865 973 1936 famam,
993 1885 1059 1923 meo
1073 1863 1170 1924 studio
1184 1887 1253 1943 per-

259 1962 351 2017 petuo
371 1943 637 2011 concelebrandam,
656 1962 765 2000 nomen
785 1963 884 2001 meum
905 1943 939 2000 ad
961 1940 1135 2018 gravissimos
1156 1944 1252 2017 casus,

260 2022 465 2097 extremosque
489 2022 661 2096 ignominie
684 2021 821 2096 scopulos
844 2022 1006 2095 impingere
1021 2023 1138 2079 nollem.
1180 2021 1249 2097 Qui

259 2099 298 2158 src
321 2099 459 2168 sentiunt,
481 2099 611 2174 profeilo
635 2097 671 2156 de
695 2119 761 2155 meo
786 2098 851 2156 finis
876 2099 1000 2175 pudenti
1014 2098 1136 2174 pudore,
1156 2102 1249 2161 nimis

228 2188 229 2191 ’
259 2176 448 2252 impudenter
458 2175 598 2236 sentiunt.
613 2177 640 2235 δι
655 2176 762 2251 quibus
775 2176 936 2235 rationibus
948 2193 1122 2248 commotus,
1134 2177 1249 2237 caullrs.

258 2273 317 2329 que
341 2254 482 2314 adductus
506 2256 565 2313 hec
579 2256 792 2329 ‘evulgaveriim
813 2274 871 2311 non
886 2255 951 2312 latis
965 2256 1120 2329 prudenter
1134 2255 1248 2314 intelli-

259 2350 344 2407 gunt.
384 2332 530 2392 Videmus
554 2333 765 2410 complurimos
790 2330 845 2389 hoc
868 2330 1012 2390 fallitalle.
1045 2332 1246 2405 conspicimus

259 2410 372 2470 multos
395 2411 500 2468 talibus
523 2412 684 2468 rationibus
707 2410 902 2485 proleitatos,
932 2409 1100 2484 hujusmodi
1126 2430 1246 2483 operam

259 2488 292 2544 in
307 2489 467 2548 amicorum
481 2488 595 2564 scriptis
609 2487 800 2563 colligendis,
823 2487 986 2562 purgandis,
1010 2489 1245 2551 &eventilandis
1274 2545 1277 2550 .

259 2564 392 2641 posuille.
433 2565 520 2641 Quid
543 2566 693 2642 impediet,
714 2584 773 2641 quo
797 2567 895 2623 minus
916 2586 971 2640 ego
992 2565 1078 2635 idem,
1100 2566 1133 2622 ad
1148 2587 1244 2628 meam

260 2644 428 2711 utilitatem,
444 2645 478 2702 ad
492 2664 625 2702 meorum
638 2642 778 2710 fruelum,
795 2641 826 2699 ad
842 2644 1052 2701 nonnullorum
1069 2645 1242 2718 explendam

261 2719 376 2779 avidam
390 2721 630 2797 expellationem
645 2724 675 2780 in
689 2718 914 2793 Ragna',elibano
927 2721 1044 2797 scriptis
1055 2723 1243 2796 colligendis,

260 2799 290 2855 bc
303 2819 336 2855 ex
351 2801 477 2857 tenebris
492 2801 521 2856 in
534 2803 629 2858 lucem
644 2798 835 2875 proferendis,
856 2800 965 2875 quibus
980 2820 1040 2856 mea
1052 2820 1130 2857 nunc
1145 2820 1244 2876 opera,

260 2874 295 2932 ad
318 2874 448 2947 vestram,
475 2877 542 2946 scio,
567 2878 817 2955 exl'peklarioaern,
841 2879 868 2935 bc
895 2878 1034 2944 frubiunr,
1053 2878 1144 2953 speie,
1166 2900 1242 2937 non-

259 2956 376 3013 nullum
400 2956 549 3024 fruemini,
569 2976 632 3031 que
658 2957 767 3029 alioqui
792 2952 952 3026 periissent,
977 2956 1102 3013 feliciter
1125 2975 1242 3030 perten-

259 3037 341 3088 tent?
383 3034 433 3090 An
456 3032 567 3106 aliquid
595 3034 629 3089 ile
656 3031 720 3099 hiis,
743 3053 805 3107 quae
831 3035 859 3089 ln
882 3029 1240 3100 Rogataslr'ssinamal‘umnra

259 3109 383 3167 fuerunt
405 3110 564 3168 denarium
579 3114 641 3179 erit,
667 3110 684 3165 li
698 3131 752 3183 ego
769 3111 796 3166 in
816 3131 874 3185 quo
889 3112 986 3168 omnia
1002 3110 1067 3167 l'unt
1082 3112 1128 3167 vir
1145 3113 1239 3169 medi-

259 3186 386 3254 oci·ia,ad
406 3188 520 3244 laudern
535 3188 866 3252 andlanderuditionem
883 3209 931 3261 per
944 3188 1133 3262 exigualranc
1149 3190 1240 3248 sulci-

258 3267 337 3336 piam
352 3267 543 3337 provinciam,
564 3286 649 3341 quam
665 3266 722 3337 alii,
743 3268 793 3339 qui
811 3268 913 3326 melius
929 3266 1055 3341 prestare
1071 3267 1238 3339 potuill'enr,

260 3362 315 3399 nec
338 3344 495 3415 attingere,
517 3363 634 3420 propter
659 3343 762 3401 liorunr
788 3344 963 3419 scriptorum
988 3347 1156 3417 periurianr,
1179 3368 1234 3404 nec

261 3419 405 3482 adornare.
433 3439 547 3496 propter
570 3423 738 3480 laboriol'am
764 3419 931 3490 liiiiulinodi
957 3419 1139 3495 epistolarum
1165 3443 1238 3481 ton-

258 3498 505 3570 conquilitinnem
533 3506 711 3572 potuerunti
752 3502 859 3572 Atque,
886 3500 1130 3573 quemadmodum
1158 3522 1236 3559 nun·

260 3594 349 3648 quain
372 3596 446 3632 eram
470 3578 514 3633 vel
541 3581 709 3635 excellentis
723 3585 814 3647 Ragra'
828 3575 951 3648 Arsinois
965 3578 1056 3634 laudis
1073 3582 1100 3634 b't
1117 3579 1231 3651 ingenii

259 3669 317 3712 tarn
342 3656 465 3726 ignarus,
487 3654 559 3729 quin
580 3655 766 3714 veliementer
781 3674 955 3730 exoptarem,
976 3676 1009 3715 ut
1024 3657 1073 3714 alii
1086 3655 1141 3714 hoc
1157 3659 1235 3714 face-

1146 3753 1235 3808 quain
