2570 4462
6 43 9 176 l

6 185 8 250 l
187 191 606 279 nostrumne
655 201 831 276 uuus.
933 223 1021 297 ω
1122 217 1123 222 ‘

33 319 152 404 plil'nnit
165 326 253 388 verbis
265 373 273 398 ,
283 344 351 386 vere
364 323 472 385 scribo.
503 323 636 395 Amore,
650 323 765 396 &colo,
778 320 817 382 ob
826 340 874 383 eas
884 338 955 398 ques
968 326 1000 384 in

35 401 194 482 teintelligo
206 403 404 464 essetirtutet.
444 401 515 462 Non
531 398 645 477 possum
657 401 719 461 tibi·
740 401 800 476 jem
825 399 999 476 respondere

33 479 61 539 ed
70 482 164 559 capita
183 501 294 544 tuarum
312 481 488 540 literarum:
510 481 589 540 Nam
604 475 830 538 Montius-noller
849 479 935 559 cupit
948 477 998 541 har

32 558 132 640 vesperi
162 557 258 620 lubere
280 561 399 634 literas,
417 557 526 619 utsuis
549 556 707 632 adjungat,
730 555 759 616 δι
816 575 835 615 o
859 556 997 632 jamsum

6 635 259 716 occupetiffimus.
296 636 401 698 Scribo
426 634 559 696 Domino
580 641 763 710 Pagettoquo
802 635 884 705 aciat,
903 651 938 694 ut
949 636 998 696 ‘in-

6 735 8 770 t
28 714 143 793 telligas,
163 715 233 776 &ex
245 737 291 790 eo,
309 736 372 776 nou
392 735 427 775 ex
448 734 496 774 me
517 712 590 790 quid
600 710 774 790 scripserim.
793 731 856 772 non
878 709 996 790 possum

26 806 118 852 nmen
131 794 210 854 aliter
221 793 313 856 fecere
326 793 401 872 quin
412 791 470 852 tibi
483 809 582 852 meum
597 809 726 850 amorem
747 788 885 860 indicem,
899 790 996 853 &tibi

24 887 122 931 nrum
133 872 276 934 literarum
287 872 456 947 exemplum
475 871 601 942 mittem,
620 866 678 928 srve
701 864 787 926 isthic
806 866 840 926 str
862 873 996 942 erexerit,

26 947 82 1007 stre
96 950 242 1025 inAnglia.
279 948 311 1010 si
335 950 505 1028 ignoranter
529 947 609 1019 feci,
627 943 779 1023 ignosces,
799 945 850 1022 qui
869 941 996 1037 nospm

25 1023 258 1100 consuetudinem
268 1025 468 1090 scholasticam
479 1045 540 1085 non
554 1027 678 1102 ignores.
709 1021 795 1081 Vale.
815 1027 998 1096 Argentorate,

27 1100 275 1186 XVll.Scprmbris
288 1123 372 1179 155³-
393 1105 479 1184 Uror
492 1122 556 1166 mea
571 1118 600 1163 te
622 1101 735 1174 salutat,
755 1100 784 1160 δι
806 1099 947 1178 quoniam
960 1116 996 1166 tu

26 1199 165 1258 neema,
188 1181 409 1266 ipsrtediligit.
790 1195 793 1204 “

240 1462 243 1468 ’
342 1459 544 1544 Etrsr.
581 1461 645 1534 xr.

137 1601 481 1714 Jonnunr
513 1599 898 1686 stennius
943 1615 972 1694 ῃ

174 1740 404 1818 DOMINO
442 1741 710 1817 PAGETTO
734 1741 826 1815 nP.

88 1881 281 1948 Ufluoliffime
302 1886 425 1965 quidem
445 1889 530 1950 nobis
554 1887 589 1948 ad
602 1887 780 1948 audiendum
807 1889 885 1961 suit,
906 1887 997 1951 dead.

104 1961 160 2024 huc
178 1963 214 2024 a‘d
227 1965 441 2027 recordandum
452 1966 629 2027 acerbisfima
649 1965 698 2040 est,
718 1967 809 2045 Regis
829 1987 918 2029 mors.
941 1967 995 2043 qui

24 2037 136 2102 intenta
153 2041 214 2104 ruit
233 2043 432 2122 expedatione
453 2047 627 2117 clementiae,
647 2044 818 2123 prudentie,
844 2045 1010 2119 doctrina,

6 2145 7 2156 ¹
28 2118 187 2196 religionis:
205 2138 315 2183 utnon
329 2120 421 2182 vester
434 2122 540 2195 solum,
550 2143 653 2183 verum
663 2125 751 2182 etiam
762 2120 866 2196 noster,
889 2125 917 2186 ὃ(
931 2143 998 2184 om·

7 2255 8 2258 ,
28 2195 102 2258 nium
115 2217 161 2258 rex
175 2197 332 2260 hominum
341 2199 407 2260 fore
421 2199 578 2260 videretur.
618 2200 673 2260 Sed
688 2200 790 2260 dehoc
804 2202 881 2262 alias.
914 2221 995 2261 nune

29 2269 123 2352 dequo
136 2277 213 2356 coepi
224 2277 358 2338 scribere.
383 2278 417 2338 ln
432 2277 610 2349 hocnollro,
632 2279 660 2338 δι
674 2278 764 2352 luslu,
778 2279 806 2340 δι
819 2299 943 2340 moerore
956 2297 998 2340 tn·

30 2369 86 2411 nen
99 2371 205 2415 recreet
218 2375 273 2421 nos
286 2377 347 2416 non
360 2356 558 2429 mediocriter,
569 2372 598 2416 re
613 2355 737 2448 pristinae
748 2357 894 2434 dignitati,
907 2357 998 2417 &ho-

29 2429 391 2494 noribusrestiturumell'e.
431 2435 469 2494 Et
481 2437 537 2508 jam
552 2433 625 2505 mihi
640 2435 799 2510 gratulandi
817 2436 996 2495 occasionem

6 2519 8 2562 ὲ
30 2503 110 2570 datam
131 2507 207 2584 else3
228 2531 298 2572 eum
329 2511 447 2571 dolendi
474 2530 564 2581 antea,
584 2533 643 2572 non
658 2512 825 2572 consolandi
849 2514 997 2590 potuerim

28 2579 126 2648 lubere.
165 2588 346 2666 Quanquam
371 2609 433 2650 non
453 2594 516 2649 'tam
535 2590 592 2649 tibi
619 2592 821 2668 gratulandum
845 2591 888 2660 stt,
908 2609 998 2666 quam

30 2667 119 2738 Anglie
147 2667 310 2740 universe,
344 2686 433 2744 quam
461 2667 547 2728 bonis
578 2669 726 2728 omnibus.
766 2669 897 2728 Fuerunt
922 2667 997 2727 mihi

28 2736 126 2820 semper
147 2744 310 2822 gretisfimoe
333 2749 428 2819 Roger'i
452 2746 584 2822 Aschmi,
617 2763 714 2804 tamen
731 2748 845 2812 ‚nullae'
857 2746 997 2823 gratiores

6 2833 8 2848 '
26 2816 116 2893 litere,
133 2825 223 2898 quam
238 2824 393 2900 inquibus
416 2821 453 2883 de
474 2840 523 2883 tua
547 2823 677 2883 bonitate
702 2823 821 2904 scripsit,
842 2843 906 2899 qun·
920 2825 1000 2883 nulli

28 2895 74 2956 nist
84 2899 132 2960 sibi
142 2900 203 2970 ipsa
215 2903 332 2962 nocuit.
373 2901 493 2981 Scripsit
502 2903 532 2960 in
545 2902 666 2978 quadam
678 2901 803 2975 epistola,
824 2903 875 2960 ubi
891 2902 998 2961 deruis

6 3009 7 3048 3
28 2971 149 3038 leudibus
160 2978 282 3058 scripse,
292 2991 322 3039 te
334 2977 369 3038 ad
382 2979 543 3052 juvandum
559 3000 659 3040 omnes
675 2977 807 3039 homines
817 2997 918 3039 natum
932 2977 996 3040 else.

6 3061 8 3106 l
30 3048 118 3128 Credo,
138 3057 234 3130 stiam
260 3057 409 3131 scriberet,
430 3057 567 3118 scriberet
583 3076 612 3117 te
632 3057 725 3117 solum
752 3059 816 3133 ejus
837 3056 929 3117 caussa
944 3055 999 3116 elle

6 3109 8 3198 l
30 3147 127 3192 netum·
165 3135 203 3196 Et
217 3153 383 3212 quanquam
406 3155 468 3194 non
482 3135 602 3206 dubito,
622 3133 694 3209 (juin
709 3136 735 3192 ci
749 3139 827 3194 ultro
843 3136 1001 3195 adfuturus

6 3205 8 3300 ξ
30 3203 71 3267 su:
88 3227 181 3274 temen
195 3207 262 3290 ego,
280 3233 345 3272 mea
358 3211 468 3290 sponte,
488 3213 575 3272 etiam
592 3214 656 3287 ejus
671 3211 771 3286 catilli,
787 3213 819 3272 ad
834 3215 999 3273 rescribere

6 3319 8 3334 2
32 3279 110 3350 stanti.
148 3291 187 3352 Et
205 3309 241 3350 ut
263 3289 361 3350 videas
374 3310 422 3350 nte
434 3291 543 3350 nullam
567 3290 641 3349 milti
667 3293 742 3350 velle
756 3291 831 3368 opud
848 3295 999 3350 renovem

32 3367 132 3434 terrm
147 3369 300 3446 colligere,
321 3369 351 3426 in
365 3366 417 3427 hac
430 3384 480 3428 tua
496 3365 625 3427 restituta
652 3366 803 3442 dignitate,
825 3369 876 3446 qui
891 3371 921 3428 in
935 3371 1000 3447 spo·

33 3439 83 3500 liru
93 3445 217 3507 scribere
231 3466 291 3505 non
307 3446 410 3524 potui,
432 3445 469 3506 de
482 3467 529 3504 me
542 3444 617 3505 nihil
639 3443 772 3518 scribam,
792 3467 887 3524 neque
902 3465 999 3526 petant

38 3517 127 3595 aliquid
150 3544 203 3602 pro
226 3522 436 3602 medeinceps.
475 3522 523 3582 sed
565 3543 597 3582 ro
619 3519 834 3597 Asclamomeo.
857 3525 1000 3599 decoque

38 3591 156 3672 scribam,
174 3600 251 3661 nihil
277 3600 357 3662 aliud
377 3603 408 3661 in
422 3601 474 3660 hac
494 3544 611 3677 epibola
636 3604 787 3676 cogitans,
808 3621 898 3679 quam
921 3605 1001 3662 illius

41 3663 116 3756 lilia,
136 3681 247 3754 literas,
272 3679 378 3753 otium,
394 3679 540 3817 -quieffm
581 3679 712 3741 Fortrssis
730 3699 827 3740 autern
849 3700 924 3758 opus
938 3699 1001 3814 olon

510 3776 524 3816 r
546 3779 561 3816 2
972 3777 1001 3813 a·
