2702 4442
208 147 275 276 5⁶
315 139 939 244 uaesaniam
981 136 1162 244 aiiii.

202 308 403 404 munione,
433 302 551 387 nullis
576 306 809 416 argumentis
838 304 1065 418 sophisticis,
1103 305 1246 390 condi-

202 417 379 504 tionibus
395 416 526 515 nullis,
554 440 604 498 ne
618 413 872 528 dignitatibus
886 419 1045 530 quidem
1062 417 1246 529 proposi-

202 534 268 629 tis,
295 527 533 646 siquifpiam
560 525 766 620 audaculus
792 527 1019 634 attentilfet,
1052 557 1243 642 unquam,

203 643 389 752 adjutrice
422 638 558 723 divini
614 642 720 742 tatii,
760 645 996 728 avellendus,
1065 647 1239 742 Interim,

202 755 298 839 dum
315 751 471 866 peregre
498 749 569 834 abe
599 771 637 835 et
668 754 711 835 in
740 757 887 856 Gallia,
924 781 1117 857 rumores,
1143 781 1238 866 quos

202 868 371 977 ineptuli
402 862 620 977 credulique
654 866 837 951 homines
865 869 992 954 avidis
1019 865 1240 978 bibulisque

204 978 364 1064 auribus
383 974 624 1077 hauriebant,
663 980 773 1061 dorni
807 979 857 1063 de
888 983 959 1063 illo
992 977 1241 1092 sparguntur,

205 1092 309 1204 quasi
346 1093 368 1176 a
404 1087 517 1172 sacris
550 1088 852 1175 Romanenfium
878 1093 1014 1176 animo
1038 1119 1123 1176 non
1150 1087 1242 1175 esset

206 1207 348 1305 alieno,
377 1200 531 1300 deinde,
574 1227 669 1284 mox
697 1203 783 1286 fore
812 1204 976 1288 Ecclesia
1013 1206 1241 1316 Anglicanae

206 1317 462 1414 desertorem,
506 1315 623 1424 inque
655 1316 812 1398 illorum
840 1316 956 1399 castra
985 1318 1242 1427 transfugam.

207 1428 279 1512 Sed
298 1431 362 1512 ille
380 1425 588 1511 calumnias
611 1425 722 1509 hasce
750 1447 895 1513 atroces
918 1426 1242 1516 mendacissimas-

209 1568 296 1650 que,
324 1539 557 1639 integritatis
583 1535 655 1620 suae
683 1538 843 1642 securus,
871 1539 1117 1652 contempsit,
1145 1545 1240 1624 &in

209 1656 257 1736 iis
275 1649 490 1734 refellendis
517 1677 596 1731 non
615 1651 827 1735 admodum
849 1657 1001 1754 anxius,
1026 1655 1166 1736 amicis
1187 1681 1239 1738 re·

212 1762 366 1875 scripsit,
396 1765 485 1841 illis
500 1792 624 1844 omnes
639 1794 688 1845 ex
712 1764 835 1847 reditu
850 1765 917 1873 fiio
936 1771 1082 1875 penitus
1096 1768 1237 1874 ceffatu·

209 1909 283 1960 ras.
341 1875 615 1958 Calumniandi
643 1901 737 1960 vero
763 1876 893 1959 ansam
922 1879 1013 1960 inde
1045 1877 1238 1988 arripuere

211 1989 331 2100 aliqui
352 1986 500 2098 angusti
540 1987 701 2094 penoris
729 1991 1023 2088 homunciones,
1061 1987 1111 2072 ed
1138 1991 1241 2101 quod

213 2099 279 2183 fibi
299 2128 386 2182 cum
404 2097 629 2210 quibusdam
643 2102 743 2182 Viris
762 2103 994 2200 reverendis,
1024 2101 1242 2186 Abbatibus

212 2209 525 2295 &Sacerdotibus
545 2209 768 2294 secularibus
785 2211 1055 2322 religiofisque,
1089 2213 1148 2298 ob
1167 2218 1241 2326 pie·

213 2327 301 2406 tatis
314 2320 584 2432 severiorisque
602 2322 804 2433 disciplina
820 2329 963 2407 cultum
981 2329 1129 2436 pariter
1141 2325 1240 2410 &ob

214 2437 471 2519 eruditionem
497 2434 737 2545 summopere
757 2439 971 2536 laudandis,
1001 2437 1238 2522 arslissimam

215 2550 516 2631 familiaritatem
566 2546 801 2629 intercessisse
842 2546 1080 2631 audivissent.
1144 2559 1232 2649 Hor,

217 2661 324 2768 quod
346 2659 488 2767 probro
506 2661 665 2740 &vitio
686 2661 909 2743 malefetiati
933 2658 1150 2763 vertissent,
1182 2662 1241 2744 sibi

218 2775 362 2854 honori
385 2773 508 2867 duxit,
549 2772 663 2880 inque
694 2775 876 2881 praecipui
914 2773 1113 2854 felicitatis
1140 2800 1241 2885 parre

216 2888 450 2966 collocavit:
489 2879 661 2962 assedum
690 2883 988 2994 obsequiumque
1018 2886 1131 2972 istud.
1159 2889 1240 2995 qni-

217 2996 285 3076 bus
309 3000 414 3076 illum
434 2997 584 3104 dignati
605 2994 701 3094 sunt,
737 3000 816 3104 pari
837 2995 969 3078 assessu
990 3004 1030 3080 &
1052 2996 1242 3108 obsequio

218 3115 257 3190 δι
279 3109 432 3213 praesens
451 3114 490 3188 δι
512 3110 932 3219 peromnemdeiuceps
948 3111 1071 3190 vitain
1094 3137 1172 3217 pro
1188 3115 1242 3192 vi-

218 3223 279 3299 iili
312 3218 560 3329 repensurus:
606 3221 709 3328 quod
740 3217 935 3328 sequentes
968 3223 1086 3302 lirerae
1116 3223 1242 3304 oslen-

218 3333 326 3414 dunt.
383 3336 467 3411 Nec
500 3327 601 3410 hisce
621 3328 743 3414 cultris
771 3331 957 3414 sinceri&
985 3331 1241 3416 observantie

219 3443 373 3524 indiciis
402 3450 442 3524 8<
472 3442 1122 3545 demonstrationibuscontentus,
1161 3452 1237 3556 plus

221 3583 334 3662 quam
366 3555 474 3636 semel
503 3554 705 3663 proposuit
742 3554 897 3640 Parisios
922 3559 1060 3641 iteruin
1092 3561 1237 3657 reuerti,

220 3692 301 3748 tuin
319 3688 358 3748 ut
375 3665 901 3754 iuslrudllsimasisliusurbis
915 3667 1240 3753 bibliotliecasei-

220 3780 405 3887 quisitiori
436 3781 618 3888 indagine
648 3781 845 3891 lustraret3
881 3801 963 3865 tuin
995 3805 1037 3865 ut
1066 3805 1241 3864 veterum

223 3894 443 3979 Amicorum
469 3893 663 4000 alloquio,
692 3893 985 3996 consuetudine,
1025 3897 1067 3977 8(
1088 3893 1240 4005 aspeftu

1075 4029 1243 4094 mentem
