2646 4448
315 92 829 205 eeteroee.
1036 79 1094 201 ‘ur

559 407 607 488 V.

441 527 723 659 roerd

96 809 162 894 Vir
173 816 291 893 ornati
303 813 305 821 '
319 842 400 912 tute,
422 812 578 923 mihique
589 810 753 892 Dumine
765 803 1020 917 eulerrdrffime,

69 952 198 1157 EX
225 976 305 1059 quo
322 935 449 1058 ¹scripsr
472 948 545 1032 tibi
566 946 826 1076 superioribus
847 946 997 1043 diebus,
1023 945 1103 1027 nori

186 1055 312 1145 destiti
330 1062 372 1144 in
403 1067 469 1143 eds
496 1062 620 1143 Sandr
643 1061 824 1169 Ephremi
847 1088 891 1140 ac
915 1058 939 1126 e
966 1059 1106 1152 ὃεοφὲεὸ

69 1176 216 1283 Ignatii
239 1174 373 1273 libros,
414 1199 510 1282 quos
534 1171 722 1285 postulas,
757 1173 985 1281 perquirere.
1045 1171 1106 1252 Est

67 1285 139 1368 bic
172 1287 214 1367 in
249 1281 300 1368 D.
326 1289 492 1370 Salomcs
522 1284 786 1393 jacobitarum
820 1283 970 1393 templo
1003 1282 1101 1366 liber

69 1422 279 1507 pervetus,
323 1397 366 1481 in
414 1425 493 1507 quo
543 1397 712 1478 homiliae
757 1396 882 1478 sinui
921 1398 1105 1506 Ephremi

70 1512 202 1592 multae
230 1511 273 1591 in
292 1511 399 1591 varia
424 1511 726 1618 Evangeliorum
756 1509 855 1589 dieta
883 1533 1104 1607 occurrunt,

71 1647 164 1702 curn
183 1624 268 1705 aliis
288 1633 368 1731 quae'
389 1620 741 1729 JacoboSerugeofi
761 1619 991 1702 tribuuntur.
1046 1623 1107 1703 Est

73 1733 196 1816 etiam
212 1736 384 1836 Lexicon
405 1736 551 1816 Rahluli
573 1735 851 1843 perantiquum.
909 1733 978 1814 Sed
1017 1761 1106 1815 eum

72 1842 147 1927 smt‘
179 1847 221 1926 bi
245 1844 334 1928 libri
366 1850 512 1956 templo
535 1848 624 1926 lmic
650 1844 805 1943 addidi,
825 1852 865 1927 8<
889 1841 990 1954 quafi
1010 1839 1108 1928 voro

74 1955 300 2057 consecrati,
328 1963 487 2066 negavit
507 1959 606 2040 mihi
625 1960 802 2039 Sacerdos
826 1958 929 2067 posse
955 1961 1072 2040 vendi
1098 1989 1109 2037 ε

78 2071 230 2168 annuit,
257 2066 416 2152 describi
439 2067 554 2180 poffe.
613 2069 770 2177 Adjicit,
798 2071 839 2151 ia
868 2092 1014 2170 monte,
1042 2073 1108 2180 qui

78 2182 231 2293 vulgari
269 2183 455 2264 idiomate
481 2199 542 2290 rer
564 2182 762 2281 ababedin,
800 2183 957 2281 dicitur,
1005 2182 1108 2293 quasi

77 2325 182 2375 mons
201 2293 283 2375 Deo
294 2293 539 2401 seruientium
553 2296 750 2392 bantinum,
784 2298 849 2402 qui
871 2323 992 2403 prope
1005 2319 1109 2376 totus

78 2405 131 2486 est
154 2405 432 2512 jacobitarum,
472 2408 540 2488 ubi
568 2409 683 2487 nrtrlta
709 2404 879 2514 ipsorum
902 2411 1044 2515 terrqua
1068 2417 1108 2491 bt

80 2516 323 2617 monasteria,
354 2524 478 2627 plures
494 2518 613 2600 libros
633 2539 778 2599 tereres
799 2523 977 2615 inueniri,
1010 2548 1107 2627 quos

81 2634 182 2711 inter
201 2657 282 2713 non
297 2631 451 2714 dubitat
467 2632 637 2739 reperiri,
665 2657 760 2738 quos
778 2635 934 2740 expetis.
993 2634 1111 2713 tide--

82 2744 156 2842 ris,
181 2746 253 2824 Vir
287 2743 530 2838 ornatiliime,
559 2745 649 2850 quid
672 2751 837 2840 tracturus,
876 2742 899 2821 ri
930 2746 1024 2824 uelis
1046 2747 1112 2824 de-

84 2851 212 2938 scribi.
270 2857 448 2938 Sacerdos
477 2860 552 2952 illc,
591 2857 745 2963 Syriaca
774 2860 910 2964 lingua>
940 2855 1113 2963 peritirii-

81 2994 182 3066 mus,
210 2966 407 3068 describet,
443 2965 647 3077 fijubcas3
677 2971 867 3048 mittemus
884 2971 921 3047 m
943 2991 1115 3052 rrroutcm

80 3081 207 3177 illum,
236 3079 304 3162 ubi
319 3079 444 3190 spatio
460 3082 607 3161 dierum
626 3082 767 3188 uiginti
793 3081 960 3160 lustrabit·
978 3107 1113 3163 rrrorra-

80 3192 206 3292 steria,
236 3201 276 3275 δε
297 3193 321 3274 st
342 3195 434 3301 quid
460 3194 513 3290 stt,
544 3192 730 3285 mom-bit,
763 3198 801 3271 be
817 3191 959 3290 aderet,
993 3198 1116 3278 etde--

82 3303 236 3386 scribat.
294 3309 430 3414 Neque
458 3307 561 3386 enim
581 3307 701 3384 credit
718 3305 798 3385 rieri
818 3301 932 3415 pode,
965 3332 1003 3385 ut
1023 3336 1116 3388 uerr-

81 3418 237 3514 dantur,
276 3417 378 3526 qubd
410 3419 501 3499 sacri
534 3417 616 3498 sum
650 3423 688 3498 &
716 3418 861 3498 devoti.
905 3419 989 3528 ¹Sed
1015 3422 1117 3500 mitti

83 3529 265 3612 Sacerdos
285 3534 349 3610 ille
382 3558 462 3614 non
487 3531 607 3638 potest
634 3527 707 3609 fine
731 3530 897 3636 experitis
915 3531 1119 3635 aliquibus,

84 3643 221 3755 paucis
252 3644 421 3750 quidem,
467 3641 530 3723 sed
561 3638 721 3723 iortaffis
755 3644 854 3722 nibil
893 3644 1115 3748 probatoria

145 3759 284 3863 Neque
306 3759 408 3836 errim
427 3754 540 3867 [alane
556 3755 713 3836 affirmat
733 3756 912 3860 reperiri,
948 3775 1024 3848 aare,
1054 3756 1122 3838 niti

88 3861 154 3951 sua
173 3867 299 3976 ipsum
321 3867 428 3951 fallat
459 3869 612 3978 opimo,
661 3866 805 3948 haberi.
867 3871 945 3947 Res
967 3869 1022 3946 uri
1045 3867 1120 3950 scie

634 3983 671 4060 G
964 3979 1124 4072 bebecre,
