2644 4466
275 209 336 295 66'
359 215 569 292 ROGERI
600 211 850 290 ASCHAMI
881 212 1048 291 EPIST.
1071 214 1194 290 FAM.

277 331 377 416 paucis
399 335 558 412 expediam.
599 333 675 396 Cum
699 333 840 396 undecim
862 334 921 409 jam
943 337 1075 412 integros
1096 355 1189 396 annos
1216 332 1262 398 fic

278 415 344 478 sum
366 416 516 474 literarum
542 415 770 492 linguarumque
794 411 890 475 studio
912 414 944 474 in
969 411 1129 477 Academia
1147 419 1263 470 Canta.
1318 433 1319 436 ¹

277 493 400 570 brigienfi
409 490 564 564 uersatumv
587 505 622 550 ut
636 497 745 568 AEgypta
757 490 865 563 relicta,
890 489 926 550 ad
950 489 1155 552 sacrosanctam
1168 490 1261 552 illam

279 567 589 650 pmmiffionisterram
603 566 702 628 studio
712 566 810 630 raostro
833 567 995 640 colendam,
1025 568 1143 648 iamjam
1168 569 1260 630 viam

278 642 410 708 affestare
424 643 612 719 instituerim
634 645 699 723 plus
712 648 810 708 minus
822 645 902 706 sexto
916 647 950 706 ab
966 643 1035 706 hinc
1045 645 1152 718 mense,
1165 663 1262 723 quar·

279 743 353 786 tane
375 724 466 788 febris
490 722 654 797 acceffione,
680 723 794 785 ineam
818 742 915 784 rerum
939 717 1101 784 anvustiam
1119 723 1188 784 sum
1205 723 1261 783 ad·

277 801 399 876 dublum
431 803 460 862 δι
483 800 584 862 cursus
606 802 759 862 literarum
781 800 944 862 nostrarum
965 773 1002 862 sl'c
1020 799 1061 862 est
1074 799 1261 880 preclusus,

279 899 394 940 utnon
411 877 506 940 solum
531 878 627 939 omnis
647 879 781 955 expedite
803 879 1008 958 progrediendi
1020 879 1144 940 facultas
1155 877 1260 939 literis

279 955 386 1018 nostris
398 956 637 1032 interciperetur,
650 1011 655 1018 ,
668 956 715 1016 sed
729 957 764 1016 ad
777 955 967 1018 Academiam
980 957 1069 1018 etiam
1083 956 1260 1018 tevertendi

280 1035 380 1096 omnis
402 1033 477 1094 mihi
499 1033 621 1112 potestas
643 1053 735 1124 prope
756 1035 941 1096 adimeretur.
980 1035 1090 1111 ltaque,
1108 1033 1261 1094 stDomi-

279 1113 363 1173 natio
388 1129 439 1171 tua
461 1111 546 1171 rebus
568 1107 674 1172 nostris
686 1119 724 1172 lae
738 1111 834 1172 sraelis
848 1114 877 1173 bt
890 1113 1069 1184 imminutis,
1096 1113 1260 1172 literarum

280 1189 512 1266 nomine,aliqua
522 1211 555 1248 ex
569 1207 647 1267 parte
656 1189 808 1249 subvenire
821 1189 940 1267 dignata
952 1190 1059 1262 fuerit;
1079 1209 1139 1250 non
1151 1188 1260 1252 solum

281 1265 376 1332 studia
383 1264 478 1326 nostra
487 1286 543 1345 ope
552 1284 602 1326 tua
612 1284 699 1342 atque
709 1267 911 1328 munificentia
923 1285 1032 1329 retenta
1044 1268 1072 1328 δι
1083 1265 1260 1328 conservata

280 1342 345 1419 elle,
367 1343 487 1424 publice
500 1343 575 1421 apud
588 1364 690 1404 ornnes
703 1343 803 1404 doddos
826 1345 1065 1422 praedicabimus3
1097 1344 1146 1404 sed
1159 1346 1260 1406 etim

279 1423 314 1484 in
338 1419 484 1502 posterum
506 1421 603 1498 quoad
625 1419 717 1497 usque
736 1423 847 1495 vixero,
876 1423 975 1484 omnia
988 1421 1090 1494 nostra,
1109 1419 1258 1496 studium,

281 1497 425 1572 officium,
444 1519 571 1576 operam,
584 1498 780 1576 diligentiam,
792 1500 1014 1572 observantiam,
1027 1499 1266 1570 Dominationio

281 1593 340 1640 tue
353 1577 442 1638 nutui
454 1573 631 1656 paretiffrma,
644 1576 705 1648 ¹hoc
719 1595 777 1636 tarn
789 1577 901 1638 eximio
915 1580 943 1638 bc
957 1595 1092 1656 exoptato
1104 1575 1258 1639 beneficio

280 1654 456 1734 adjunxeris.
482 1674 536 1712 nec
560 1674 621 1714 non
634 1649 780 1716 Christum
793 1655 883 1714 etiam
897 1656 1057 1734 Optimum
1070 1655 1256 1728 Maximum,

280 1734 334 1810 qui
348 1751 403 1792 nec
415 1729 481 1790 sinit
505 1734 647 1810 poculum
659 1750 741 1808 aquae
764 1732 890 1809 frigide,
913 1733 966 1793 suo
985 1733 1109 1794 nomine
1127 1734 1257 1810 petenti,

281 1809 438 1880 tributum,
466 1806 640 1881 mercedem,
668 1810 796 1886 perdere,
827 1810 1007 1888 quotidianis
1028 1811 1164 1888 precibus
1182 1811 1257 1871 fati·

282 1887 429 1964 gabimus;
457 1903 491 1944 ut
517 1887 595 1962 quic¹
609 1885 660 1946 uid
686 1890 718 1946 in
742 1887 799 1947 hoc
823 1905 955 1965 tempore
980 1888 1186 1966 impertireris,
1220 1887 1256 1948 id

281 1963 452 2042 universum
472 1963 578 2042 copios
603 1985 663 2024 imo
686 1985 755 2024 cum
767 1965 880 2027 foenore
893 1966 1014 2045 ipsemet
1035 1966 1091 2026 tibi
1102 1964 1256 2042 rependat,

282 2043 346 2122 qui,
365 2039 613 2118 quemadmodum
626 2043 667 2102 ait
680 2045 790 2113 Paulus,
808 2063 894 2102 omne
906 2045 1019 2104 donum
1032 2042 1084 2118 ipsa
1106 2041 1257 2102 abundare

282 2137 387 2200 potens
400 2115 440 2176 est
453 2115 575 2178 efficere.
616 2117 700 2180 Pater
711 2117 829 2182 caelestis
841 2121 1015 2182 sanstissimae
1029 2120 1256 2182 nominationis

282 2215 341 2258 tuae
365 2215 447 2256 curas
465 2213 552 2274 atque
565 2193 658 2256 studia
669 2197 702 2257 in
715 2217 834 2260 omnem
847 2200 987 2277 temporis
1000 2199 1255 2277 longinquitatem

281 2273 494 2356 promoveat&
514 2273 691 2336 moderetur.
724 2261 809 2337 Vale.

612 2457 716 2529 EPI
734 2457 814 2531 ST.
851 2456 918 2525 Ill.

460 2571 1054 2632 anvnasuorss.1ucun.rar.

388 2677 834 2780 EDVARDO
906 2675 1143 2798 LAEO,

552 2835 801 2911 anorum.
828 2837 980 2911 reon.

378 2961 452 3034 Ull
478 2973 614 3053 proximo
637 2975 693 3036 hoc
716 2995 801 3046 annu,
825 2974 1067 3037 Reverendiffime
1091 2975 1121 3036 in
1136 2975 1259 3043 Christo

394 3054 487 3122 Pater,
506 3053 596 3112 officii
610 3055 669 3112 mei
683 3054 766 3125 ratio,
787 3072 844 3129 qua
857 3074 904 3113 me
914 3056 968 3114 tibi
982 3052 1167 3128 obstrinxisti,
1186 3064 1260 3116 Lana

285 3130 377 3187 dinam
401 3148 436 3190 ut
447 3147 586 3206 peterem,
598 3129 818 3190 Dominationis
838 3149 895 3190 tuae
919 3132 1044 3190 vil'endae
1072 3135 1160 3210 gratia
1189 3155 1260 3212 per·
1311 3131 1316 3147 '

286 3205 386 3278 suasit,
406 3208 462 3266 iter
474 3205 548 3266 illud
559 3229 606 3267 me
616 3209 647 3268 in
657 3210 803 3284 triplicem
817 3211 907 3268 animi
921 3229 1086 3282 moerorem,
1100 3211 1128 3271 δι
1143 3211 1259 3274 doloris

287 3285 472 3346 acerbitatem
484 3285 622 3359 conjecit.
654 3288 729 3346 Nam
739 3286 911 3346 tuividendi
922 3289 950 3346 bc
961 3287 1135 3364 adloquendi
1143 3288 1259 3365 fructu,

288 3379 379 3437 quem
387 3361 405 3420 s
401 3363 643 3440 perabamcarere
651 3365 850 3440 peracerbum,
868 3364 942 3423 illud
952 3383 1047 3424 tamen
1057 3366 1258 3429 incomodum

288 3458 398 3510 meum,
428 3439 507 3514 quod
525 3461 572 3498 me
590 3441 685 3500 solum
703 3435 846 3518 tangebat,
880 3462 949 3500 cunr
971 3460 1052 3501 tanto
1075 3443 1174 3503 salutis
1193 3463 1258 3506 tuae

288 3512 467 3588 discrimine,
480 3517 558 3591 quod
571 3519 715 3592 plurimos
724 3537 759 3577 ut
769 3538 819 3595 par
829 3535 898 3588 erat,
910 3521 1041 3596 angebat,
1057 3521 1257 3596 conjunilum

290 3588 353 3663 elle,
366 3594 452 3668 longe
465 3595 603 3654 acerbius.
615 3615 717 3655 verum
730 3595 763 3652 ad
778 3596 838 3654 hac
850 3596 910 3654 duo
924 3598 1119 3671 incommoda,
1129 3603 1257 3663 tertium

289 3668 433 3743 accedere,
451 3672 591 3733 nimirum
612 3694 675 3754 eam
692 3675 780 3747 viam,
799 3693 888 3752 quam
899 3674 974 3736 mihi
988 3675 1022 3736 ad
1034 3679 1176 3754 majorem
1191 3697 1259 3750 gra-

1176 3758 1252 3819 tiam
