2576 4464
270 276 346 351 402
436 249 715 350 Joauurs
764 247 1056 324 sruuatrt

275 369 457 460 prehensum,
487 369 535 432 sed
558 367 699 432 affirmare
717 368 794 430 nilril
806 366 930 448 possum.
959 383 1006 432 'ut
1018 367 1078 430 suit
1091 365 1182 430 rebus
1195 362 1256 428 alili·
1282 433 1284 448 Α

278 469 380 530 genter
392 450 559 528 invigilent,
578 444 703 508 caussam
725 447 839 508 habent.
859 451 889 508 δι
912 445 989 507 haud
1001 446 1062 508 scio
1075 467 1111 508 an
1126 445 1254 524 ipsorum
1282 449 1284 518 l

278 530 427 601 interitus,
444 544 530 604 atque
553 527 645 588 ruinae
670 527 792 586 initium
815 524 850 584 ab
874 524 1001 605 ipsasmet
1012 525 1167 602 aliquando
1180 524 1255 596 futu·

277 627 346 669 rum
359 605 409 666 stt:
431 625 497 664 nam
510 607 542 665 in
556 605 617 664 illis
630 601 765 664 aestuariis
780 601 935 677 fludiuum,
956 601 1079 664 effestus
1091 603 1182 662 etiam
1196 601 1252 660 suos

279 682 387 748 liabent
407 681 502 744 tellus.
541 682 604 742 Hic
626 684 710 759 plane
730 679 805 741 nihil
830 681 952 756 agitur:
974 675 1121 760 superiori
1143 677 1251 757 quidem

278 760 398 822 sellione
416 757 567 820 decretum
590 757 609 818 s
608 777 698 832 uerat,
718 759 821 818 debere
836 759 966 832 Thrtltgas
983 759 1094 818 interea
1114 756 1151 816 de
1164 755 1253 816 matri·

253 839 254 842 ’
279 841 383 899 monio
397 835 539 910 dill'erere,
557 834 605 897 sed
618 837 703 914 plane
714 833 840 896 cellitur.
867 834 898 894 id
921 855 959 894 ue
972 836 1003 895 in
1017 835 1139 912 gratiam
1152 831 1252 894 nostro·

279 935 354 990 ttrm,
374 932 410 976 ut
422 915 540 992 quidem
553 923 612 986 'aare
628 915 656 974 se
669 914 778 984 ferunt,
797 931 874 992 quos
929 911 982 976 elie
992 912 1094 973 velint.
1124 911 1251 990 equidem

279 994 406 1074 optarim
418 999 523 1050 Petrum
549 999 691 1069 Martyrem
703 987 779 1070 posse
795 991 854 1051 huc
869 993 957 1051 etiam
968 989 1093 1060 traduci,
1124 991 1153 1050 ὄι
1167 990 1253 1046 Calvi.

278 1091 351 1140 num,
375 1071 404 1130 δι
418 1075 553 1147 AEpr'nsrm,
575 1087 610 1128 ut
622 1089 679 1128 una
692 1089 762 1128 cuna
775 1072 897 1145 Philippa
909 1067 1054 1145 dogmatis
1067 1067 1207 1139 facerent,
1227 1065 1251 1126 δι

277 1147 496 1218 confessionem,
519 1149 794 1226 &explicationem
834 1146 932 1206 Pridie
947 1165 1040 1224 quarn
1053 1144 1111 1206 huc
1125 1144 1251 1214 redirem.

278 1226 429 1287 audiebam
441 1227 473 1285 in
485 1225 590 1286 itinere
605 1225 774 1285 Concilium
790 1224 828 1284 iri
844 1241 1049 1304 prorogatum,
1069 1239 1191 1301 propter
1203 1222 1253 1282 bel·

278 1303 377 1366 lorum
400 1304 566 1363 tumultusa
586 1299 636 1362 hic
657 1303 745 1362 etiam
770 1303 810 1362 ita
826 1299 974 1374 moliatur,
993 1301 1043 1362 ctsr
1067 1301 1118 1360 alii
1143 1315 1252 1378 negant

278 1381 371 1458 Quod
393 1381 414 1442 st
438 1399 539 1459 pacem
558 1399 627 1441 cum
641 1384 714 1437 Gallo
725 1381 816 1440 faciet
828 1381 929 1454 Julius,
947 1397 1009 1440 non
1024 1375 1195 1439 assentiente
1208 1384 1254 1433 cr-

275 1464 336 1530 rala,
355 1478 421 1522 tum
443 1475 521 1520 certe
541 1457 716 1528 crediderim
729 1455 938 1536 dissipationem
960 1451 1166 1516 effefuturam
1182 1455 1253 1516 Con·

276 1538 350 1598 ciiii.
389 1537 544 1593 Cardr'nrrlr'r
571 1541 714 1592 Turranius
735 1542 822 1594 Rama
835 1533 1060 1612 diciturmagna
1074 1553 1146 1594 cum
1159 1531 1253 1594 laetitia

277 1612 364 1678 suille
385 1631 535 1686 exceptus,
559 1613 760 1690 &diligenter
779 1631 862 1691 agere
876 1610 912 1671 de
926 1631 1005 1688 pace.
1044 1612 1090 1672 De
1103 1617 1189 1669 Tarra
1202 1629 1254 1672 nou

279 1692 379 1752 eadem
390 1690 430 1750 est
452 1693 537 1751 fama.
580 1711 676 1767 parare
690 1691 802 1752 dicitur
816 1692 950 1766 ingentes
965 1691 1120 1761 exercitus,
1135 1689 1164 1750 ἃ
1178 1706 1255 1760 terra,

277 1770 309 1831 ἃ
319 1769 400 1829 mari.
415 1769 489 1829 Sunt
500 1770 554 1846 qui
567 1769 671 1828 dicunt
683 1765 736 1828 else
750 1767 911 1828 tenuillima
922 1766 1086 1827 valitudine
1095 1785 1131 1826 ear
1144 1765 1254 1838 Phthisi,

279 1848 401 1923 ejusque
422 1846 519 1908 lilium
543 1861 614 1906 natu
638 1847 777 1920 majorem
805 1843 980 1906 consocialle
1002 1865 1078 1904 arana
1092 1864 1163 1904 curn
1174 1844 1254 1919 Peqsr.
1276 1855 1286 1906 ,’

277 1929 370 1982 Gallia
394 1925 469 2000 regis
493 1922 664 1982 edlfilumin
680 1925 846 1994 Lueirerrnar,
868 1939 902 1981 ut
924 1921 1010 1982 habet
1022 1923 1139 1993 titulus,
1163 1922 1255 1982 divisi·

278 2020 381 2079 garum
392 2003 535 2077 Septembri
557 1999 655 2060 mense
678 1999 778 2062 vidisse
792 2021 844 2059 vos
859 2015 953 2078 puto:
971 2004 1089 2056 Patavii
1107 1999 1173 2059 sum
1186 1996 1254 2060 illud

278 2078 398 2155 adeptus
411 2077 561 2138 excusum.
601 2077 699 2143 Habet
713 2081 801 2143 Julius
813 2098 866 2156 per
881 2079 967 2136 italie
980 2096 1091 2155 partem
1105 2078 1189 2137 illam
1203 2077 1253 2136 sue

277 2155 411 2226 ditionis,
430 2153 635 2230 &aliisetiam
652 2155 681 2214 in
694 2158 766 2215 locis
779 2155 964 2232 inquisitores
986 2155 1151 2216 acerrimos.
1192 2155 1255 2216 Mo·

277 2233 364 2293 arachi
386 2233 505 2310 quidam
528 2232 589 2293 duo
600 2253 694 2310 nuper
704 2233 822 2293 abducit
845 2233 914 2293 sunt
927 2240 1037 2290 lisinam
1056 2233 1177 2310 captivi.
1204 2239 1255 2289 Ra·

275 2331 379 2378 qrrttrtarr
400 2329 487 2383 unus,
506 2313 765 2388 Arr'mr'nrrrfisalter·,
787 2311 839 2385 qui
864 2310 900 2368 de
913 2311 1052 2372 coelibaru
1066 2308 1255 2378 sacerdotum,

278 2389 308 2448 δι
331 2407 413 2448 coena
427 2385 551 2448 Domini
574 2389 694 2449 liberius
716 2389 849 2466 quadam
871 2386 1015 2447 dirrill'enr.
1057 2393 1173 2445 Veneriis
1185 2384 1254 2448 milti

278 2469 338 2542 jam
364 2486 464 2528 recens
488 2465 637 2536 scribitur,
657 2465 840 2528 Monachum
863 2466 1009 2541 quendam
1032 2466 1193 2546 captivum,
1212 2485 1255 2526 or·

277 2544 356 2603 dinis
368 2543 565 2619 Auguflim'rnr',
587 2550 668 2600 Romo
683 2541 829 2605 remissurn
844 2564 857 2600 a
872 2544 944 2606 {ltrlr't
959 2547 1087 2615 imre-tras,
1107 2545 1254 2619 impetrata

276 2622 370 2695 senia,
396 2625 490 2700 palam
503 2624 697 2688 inconcione,
724 2621 896 2690 dostrinam,
917 2640 1005 2695 quam
1021 2637 1103 2681 antea
1139 2619 1255 2682 rosellus

275 2697 381 2771 suerat,
400 2698 535 2760 mirificis
558 2698 653 2760 modis
677 2697 823 2773 abjurasse,
843 2719 877 2758 ac
888 2696 1060 2758 detestatum
1078 2719 1100 2760 e
1133 2719 1140 2736 ⁸
1159 2697 1254 2776 legato

275 2778 406 2850 quodam
429 2775 595 2852 pontificio.
621 2778 649 2836 dr
674 2796 800 2854 quatuor
822 2776 1011 2852 presentibus
1036 2777 1058 2836 E
1082 2777 1142 2836 isco
1165 2775 1201 2846 is,
1220 2779 1255 2836 ita

273 2853 395 2928 quidem
420 2873 454 2913 ut
479 2856 606 2932 populus
630 2854 718 2913 etiarn
742 2855 949 2914 offenderetur.
978 2853 1039 2916 fuit
1061 2795 1118 2914 fios
1141 2797 1255 2916 decimo

273 2949 379 2990 ruarto
393 2930 492 3005 huius.
510 2930 701 3005 Posteaquam
716 2935 804 2996 leelina
816 2932 969 2997 intellexit,
983 2929 1254 3005 cujusmodinostn

273 2953 343 3069 sunt
366 3007 516 3087 postulata,
546 3009 574 3068 ἃ
599 3029 662 3083 que
688 3011 826 3070 dolirinar
851 3006 987 3068 conscilio
1011 3028 1062 3084 per
1089 3011 1254 3082 lid'rttmlerg

274 3085 411 3155 exhibita,
431 3105 532 3163 parurn
557 3089 663 3162 opinor
684 3085 817 3150 afficitur.
857 3087 919 3147 llic
932 3089 1020 3146 etiarn
1037 3106 1137 3146 rumor
1150 3083 1202 3156 cll,
1220 3089 1257 3146 le·

270 3179 338 3238 gato
350 3164 399 3224 laic
412 3162 463 3222 suo
474 3162 556 3222 valde
567 3164 671 3224 iratum
685 3162 747 3236 else,
759 3163 848 3241 quod,
862 3164 922 3235 tali,
932 3181 966 3223 ut
976 3163 1179 3236 tocanr,salvo
1188 3183 1255 3223 con·

273 3240 365 3301 ductu
379 3242 465 3302 nobis
478 3244 596 3313 caverit,
615 3241 753 3318 quodque
767 3241 894 3304 sessionis
907 3261 993 3316 proro
1017 3244 1145 3304 ationem
1158 3239 1254 3300 indul·

270 3317 348 3378 serit.
390 3320 459 3378 Non
484 3318 582 3377 cadam
597 3339 697 3378 omnes
722 3322 850 3396 spellant
864 3319 893 3378 in
908 3319 952 3378 his
968 3259 1139 3392 asionibus,
1165 3337 1255 3394 quan·

270 3414 356 3470 quarn
369 3394 399 3454 in
413 3396 466 3453 hoc
479 3416 539 3456 uno
552 3398 713 3456 mirabilem
725 3397 779 3456 cil'e
794 3416 866 3474 puro
880 3395 1064 3469 consensum,
1076 3415 1110 3458 ut
1122 3395 1255 3458 vidilicet

274 3471 381 3548 dogma
396 3472 474 3534 iliud
486 3494 574 3532 omne
594 3473 788 3552 pessundetur,
819 3474 1006 3534 &aboleatur
1018 3476 1049 3533 in
1071 3491 1253 3552 perpetuum.

269 3552 412 3627 Wtrmaafir
435 3549 484 3609 hic
510 3567 644 3612 mortuus
658 3551 697 3612 eli
712 3553 744 3610 ad
761 3553 872 3616 sertum
889 3549 992 3624 hujus,
1023 3551 1178 3628 &aliquot
1191 3549 1254 3628 post

268 3629 373 3688 diebus
395 3627 516 3688 domum
531 3629 645 3689 relatus.
686 3627 842 3705 Tra-orrenda
862 3630 899 3688 ob
915 3627 1133 3688 incommodam
1147 3631 1255 3688 valitu-

270 3705 372 3773 dinem
394 3706 516 3775 dornutn
530 3707 645 3788 repetit.
685 3708 751 3783 Qui
766 3727 834 3770 cum
852 3705 913 3785 ipso
927 3705 983 3770 hur
998 3708 1080 3769 venir
1093 3705 1255 3795 monachos

1189 3803 1256 3864 qut-
